%% This BibTeX bibliography file was created using BibDesk.
%% http://bibdesk.sourceforge.net/

%% Created for Ruyer, Charles at 2016-06-24 17:19:59 -0700 


%% Saved with string encoding Unicode (UTF-8) 


@string{aa = {A \& A}}

@string{apj = {Astrophys. J.}}

@string{cppcf = {Comments Plasma Phys. Controlled Fusion}}

@string{ieeejqe = {IEEE J. Quantum Electron.}}

@string{ieeetps = {IEEE Trans. Plasma Sci.}}

@string{jap = {J. Appl. Phys.}}

@string{josab = {J. Opt. Soc. Am. B}}

@string{jpp = {J. Plasma Phys.}}

@string{mnras = {Mon. Not. R. Astron. Soc.}}

@string{pof = {Phys. Fluids}}

@string{pofb = {Phys. Fluids B}}

@string{pop = {Phys. Plasmas}}

@string{ppcf = {Plasma Phys. Control. Fusion}}

@string{ppr = {Plasma Phys. Rep.}}

@string{pr = {Phys. Rev.}}

@string{pra = {Phys. Rev. A}}

@string{prb = {Phys. Rev. B}}

@string{prd = {Phys. Rev. D}}

@string{pre = {Phys. Rev. E}}

@string{prl = {Phys. Rev. Lett.}}

@string{rmp = {Rev. Mod. Phys.}}

@string{rsi = {Rev. Sci. Instrum.}}

@string{sjpp = {Sov. J. Plasma Phys.}}

@string{spjetp = {Sov. Phys. JETP}}


@book{BOOK1978mit..book.....BauthorBatemanG.titleMHDinstabilitieskeywordsMagnetohydrodynamicStabilityPlasmaEquilibriumTaylorInstabilityTokamakDevicesToroidalPlasmasCircularCylindersEigenvaluesEnergyTechnologyFreeBoundariesPlasmaCylindersReactorDesignbooktitleCambridgeMass.MITPress1978.270p.year1978adsurlhttp://adsabs.harvard.edu/abs/1978mit..book.....BadsnoteProvidedbytheSAO/NASAAstrophysicsDataSystem,
	Date-Added = {2016-06-25 00:19:56 +0000},
	Date-Modified = {2016-06-25 00:19:59 +0000}}

@article{AA_Achterberg_2007,
	Author = {{Achterberg}, A. and {Wiersma}, J.},
	Doi = {10.1051/0004-6361:20065365},
	Journal = aa,
	Month = nov,
	Pages = {1-18},
	Title = {The {Weibel} instability in relativistic plasmas. {I.} {Linear} theory},
	Volume = {475},
	Year = {2007},
	Bdsk-Url-1 = {http://dx.doi.org/10.1051/0004-6361:20065365}}

@article{AA_Achterberg_2007b,
	Author = {{Achterberg}, A. and {Wiersma}, J. and {Norman}, C. A.},
	Doi = {10.1051/0004-6361:20065366},
	Journal = aa,
	Pages = {19-36},
	Title = {The {Weibel} instability in relativistic plasmas. {II.} {Nonlinear} theory and stabilization mechanism},
	Volume = {475},
	Year = {2007},
	Bdsk-Url-1 = {http://dx.doi.org/10.1051/0004-6361:20065366}}

@article{PR_Buneman,
	Author = {Buneman, O.},
	Doi = {10.1103/PhysRev.115.503},
	Issue = {3},
	Journal = {Phys. Rev.},
	Month = {Aug},
	Pages = {503--517},
	Title = {Dissipation of Currents in Ionized Media},
	Volume = {115},
	Year = {1959},
	Bdsk-Url-1 = {http://dx.doi.org/10.1103/PhysRev.115.503}}


@article{POP_Candy_1999,
	author = {J. Candy and H. L. Berk and B. N. Breizman and F. Porcelli},
	title = {Nonlinear modeling of kinetic plasma instabilities},
	journal = {Physics of Plasmas},
	volume = {6},
	number = {5},
	pages = {1822-1829},
	year = {1999},
	doi = {10.1063/1.873440}
}

@article{OC_Mourou_1985,
	Author = {D. Strickland and G. Mourou},
	Journal = {Opt. commun.},
	Number = {6},
	Pages = {447-449},
	Title = {Compression of Amplified Chirped Optical Pulses},
	Volume = {55},
	Year = {1985}}

@article{PRE_Macchi_2012,
	Author = {A. Macchi and A. S. Nindrayog and F. Pegoraro},
	Journal = pre,
	Number = {4},
	Pages = {046402},
	Title = {Solitary versus shock waves acceleration in laser-plasma interactions},
	Volume = {85},
	Year = {2012}}

@article{RMP_Macchi_2013,
	Author = {Macchi, Andrea and Borghesi, Marco and Passoni, Matteo},
	Title = {Ion acceleration by superintense laser-plasma interaction},	
	Journal = {Rev. Mod. Phys.},
	Month = {May},
	Numpages = {0},
	Issue = {2},
	Pages = {751--793},
	Volume = {85},
	Year = {2013},
	Doi = {10.1103/RevModPhys.85.751},
}

@article{PRL_Macchi_2005,
	author = {A. Macchi and F. Cattani and T. V. Liseykina and F. Cornolti},
	title = {Laser Acceleration of Ion Bunches at the Front Surface of Overdense Plasmas},
	journal = {Phys. Rev. Lett.},
	month = {Apr},
	pages = {165003},
	volume = {94},
	year = {2005},
	doi = {10.1103/PhysRevLett.94.165003}
}

@article{PRL_Adam_2006,
	Author = {J. C. Adam and A. H\'{e}ron and G. Laval},
	Journal = prl,
	Pages = {205006},
	Publisher = {APS},
	Title = {Dispersion and Transport of Energetic Particles due to the Interaction of Intense Laser Pulses with Overdense Plasmas},
	Volume = {97},
	Year = {2006}}
	
@article{POP_Ramazanov_2001,
   author = "Ramazanov, T. S. and Kodanova, S. K.",
   title = "Coulomb logarithm of a nonideal plasma",
   journal = "Physics of Plasmas",
   year = "2001",
   volume = "8",
   number = "11", 
   pages = "5049-5050",
   doi = "http://dx.doi.org/10.1063/1.1407820" 
}

@article{PRL_Honda_2000,
	Author = {M. Honda and J. {Meyer-ter-Vehn} and A. Pukhov},
	Journal = prl,
	Title = {Collective Stopping and Ion Heating in Relativistic-Electron-Beam Transport for Fast Ignition},
	Number = {10},
	Pages = {2128},
	Volume = {85},
	Year = {2000}
}

@article{FST_Najmabadi_2004,
	Author = {Najmabadi, F. and Raffray, A.R. and Abdel-Khalik, S. I. and Bromberg, L. and El-Guebaly, L. A. and Goodin, D. and Haynes, D. and Latkowski, J. and Meier, W. and Moore, R. and Neff, S. and Olson, C. L. and Perkins, J. and Petti, D. and Petzoldt, R. and Rose, D. V. and Sharp, W. M. and Sharpe, P. and Tillack, M. S. and Waganer, L. and Welch, D. R. and Yoda, M. and Yu, S. S. and Zaghloul, M.},
	Journal = {Fusion Science and Technology},
	Pages = {401},
	Title = {Operational Windows for Dry-Wall and Wetted-Wall IFE Chambers},
	Volume = {46},
	Year = {2004}}

@book{Atzeni_ICF,
	Author = {{Atzeni}, S. and {Meyer-ter-Vehn}, J.},
	Publisher = {Oxford Science Pub.},
	Title = {{The Physics of inertial confinement fusion}},
	Year = 2009}
	
@book{Davidson_2001,
	Author = {{Davidson}, R. C. and {Qin}, H.},
	Publisher = {World Scientific Publishing Company},
	Title = {{Physics of Intense Charged Particle Beams in High Energy Accelerators}},
	Year = 2001}

@book{Belmont_2013,
	Author = {{Belmont}, G. and Roland, G. and Mottez, F. and Pantellini, F. and Pelletier, G.},
	Publisher = {Wiley},
	Title = {{Collisionsless plasmas in astrophysics}},
	Year = 2013}

@article{ASR_Gubchenko2006,
	Author = {V.M. Gubchenko and H.K. Biernat and M.L. Khodachenko and H.O. Rucker and V.V. Zaitsev},
	Doi = {http://dx.doi.org/10.1016/j.asr.2005.11.008},
	Issn = {0273-1177},
	Journal = {Advances in Space Research},
	Keywords = {Magnetic Debye scale},
	Note = {Reconnection at Sun and in Magnetospheres},
	Number = {7},
	Pages = {1295 - 1300},
	Title = {On the formation of three types of e.m. elements in a current-carrying plasma with double flows},
	Url = {http://www.sciencedirect.com/science/article/pii/S0273117705013797},
	Volume = {37},
	Year = {2006},
	Bdsk-Url-1 = {http://www.sciencedirect.com/science/article/pii/S0273117705013797},
	Bdsk-Url-2 = {http://dx.doi.org/10.1016/j.asr.2005.11.008}}

@book{Gibbon_2004,
	Author = {Gibbon, Paul},
	Publisher = {World Scientific Publishing Company},
	Title = {Short pulse laser interactions with matter},
	Year = {2004}}

@book{Akhiezer_fluctuations,
	Author = {{Akhiezer}, A.~I. and {Akhiezer}, I.~A. and {Polovin}, R.~V. and {Sitenko}, A.~G. and {Stepanov}, K.~N.},
	Publisher = {Pergamon Press},
	Title = {{Plasma electrodynamics. Volume 2 - Non-linear theory and fluctuations}},
	Year = 1975}

@book{fonseca_osiris,
	Author = {R. A. Fonseca and L. O. Silva and F. S. Tsung and V. K. Decyk and W. Lu and C. Ren and W. B. Mori and S. Deng and S. Lee and T. Katsouleas and J. C. Adam},
	Page = {342-351},
	Publisher = {P. Sloot and A. Hoekstra and C. Tan and J. Dongarra (Springer-Verlag, Heidelberg, 2002)},
	Title = {{OSIRIS: A Three-Dimensional, Fully Relativistic Particle in Cell Code for Modeling Plasma Based Accelerators}},
	Volume = {3231},
	Year = {2002}}

@book{Abramowitz_cv2,
	Author = {{Abramowitz}, M. and {Stegun}, I.~A.},
	Pages = {126-140},
	Publisher = {Milton Abramowitz and Irene A. Stegun},
	Title = {{Handbook of Mathematical Functions With Formulas, Graphs and Mathematical Tables}},
	Year = 1964}

@book{Birdsall_1985,
	Address = {New York},
	Author = {C. K. Birdsall and A. B. Langdon},
	Publisher = {McGraw-Hill},
	Title = {Plasma physics via computer simulation},
	Year = {1985}}
	
@article {Science_Drake_2003,
	author = {Drake, J. F. and Swisdak, M. and Cattell, C. and Shay, M. A. and Rogers, B. N. and Zeiler, A.},
	title = {Formation of Electron Holes and Particle Energization During Magnetic Reconnection},
        journal = {Science},
	volume = {299},
	number = {5608},
	pages = {873--877},
	year = {2003},
	doi = {10.1126/science.1080333}
}



@article{RSI_Chen_2016,
author = {Chen,S. N.  and Gauthier,M.  and Bazalova-Carter,M.  and Bolanos,S.  and Glenzer,S.  and Riquier,R.  and Revet,G.  and Antici,P.  and Morabito,A.  and Propp,A.  and Starodubtsev,M.  and Fuchs,J. },
title = {Absolute dosimetric characterization of Gafchromic EBT3 and HDv2 films using commercial flat-bed scanners and evaluation of the scanner response function variability},
journal = {Review of Scientific Instruments},
volume = {87},
number = {7},
pages = {073301},
year = {2016},
doi = {10.1063/1.4954921}
}

@article{JCP_Cohen_2010,
title = "Simulation of laser\u2013plasma interactions and fast-electron transport in inhomogeneous plasma",
journal = "Journal of Computational Physics",
volume = "229",
number = "12",
pages = "4591 - 4612",
year = "2010",
doi = "http://dx.doi.org/10.1016/j.jcp.2010.03.001",
author = "B.I. Cohen and A.J. Kemp and L. Divol",
keywords = "Laser-plasma interactions",
keywords = "Particle-hybrid simulation",
keywords = "Fast ignition"
}

@article{PPCF_Fonseca_2008,
	Author = {R. A. Fonseca and S. F. Martins and L. O. Silva and J. W. Tonge and F. S. Tsung and W. B. Mori},
	Journal = {Plasma Phys. Controlled Fusion},
	Pages = {124034},
	Title = {One-to-one direct modeling of experiments and astrophysical scenarios: pushing the envelope on kinetic plasma simulations},
	Volume = {50},
	Year = {2008}}

@article{PRA_Krapchev_80,
	Author = {V. B. Krapchev and A. K. Ram},
	Journal = {Phys. Rev. A},
	Number = {3},
	Pages = {1229},
	Title = {Adiabatic theory for a single nonlinear wave in a {Vlasov} plasma},
	Volume = {22},
	Year = {1980}}

@article{PRE_Bret_2004,
	Author = {A. Bret and M. C. Firpo and C. Deutch},
	Journal = {Phys. Rev. E},
	Pages = 046401,
	Title = {Collective electromagnetic modes for beam-plasma interaction in the whole k space},
	Volume = {70},
	Year = {2004}}

@article{APJ_Michno2010,
	Author = {M.J. Michno and R. Schlickeiser},
	Journal = {Astrophys. J.},
	Pages = {868},
	Title = {On the Magnetization of Cosmic Outflows: Plasma Modes and Instabilities of Unmagnetized Plasma Beams},
	Volume = {714},
	Year = {2010}}

@article{APJ_Shaisultanov2012,
	Adsnote = {Provided by the SAO/NASA Astrophysics Data System},
	Adsurl = {http://adsabs.harvard.edu/abs/2012ApJ...744..182S},
	Author = {{Shaisultanov}, R. and {Lyubarsky}, Y. and {Eichler}, D.},
	Doi = {10.1088/0004-637X/744/2/182},
	Eprint = {1104.0521},
	Journal = {Astrophysical Journal},
	Pages = {182},
	Title = {Stream Instabilities in Relativistically Hot Plasma},
	Volume = 744,
	Year = 2012,
	Bdsk-Url-1 = {http://dx.doi.org/10.1088/0004-637X/744/2/182}}

@article{RMP_Begelman_1984,
	Author = {{Begelman}, M.~C. and {Blandford}, R.~D. and {Rees}, M.~J.},
	Journal = {Rev. Mod. Phys.},
	Pages = {255},
	Title = {Theory of extragalactic radio sources},
	Volume = 56,
	Year = 1984}

@article{POP_Fuchs_2007,
	Author = {Fuchs, J. and Sentoku, Y. and d'??Humi\`eres, E. and Cowan, T. E. and Cobble, J. and Audebert, P. and Kemp, A. and Nikroo, A. and Antici, P.
	and Brambrink, E. and Blazevic, A. and Campbell, E. M. and Fern\'andez, J. C. and Gauthier, J.-C. and Geissel, M. and Hegelich, M. and Karsch, S.
	and Popescu, H. and Renard-LeGalloudec, N. and Roth, M. and Schreiber, J. and Stephens, R. and P\'epin, H.},
	Title = {Comparative spectra and efficiencies of ions laser-accelerated forward from the front and rear surfaces of thin solid foils},
	Doi = {http://dx.doi.org/10.1063/1.2720373},
	Eid = 053105,
	Journal = {Phys. Plasmas},
	Number = {5},
	Pages = {-},
	Volume = {14},
	Year = {2007},
	Bdsk-Url-1 = {http://dx.doi.org/10.1063/1.2720373}}

@article{Harris2006,
	Author = {Harris, D.E. and Krawczynski, Henric},
	Journal = {Annual Review of Astronomy and Astrophysics},
	Pages = {463},
	Title = {X-Ray Emission from Extragalactic Jets},
	Volume = {44},
	Year = {2006}}

@article{APJ_Martins2009,
	Author = {{Martins}, S.~F. and {Fonseca}, R.~A. and {Silva}, L.~O. and {Mori}, W.~B.},
	Doi = {10.1088/0004-637X/695/2/L189},
	Journal = {Astrophys. J. Lett.},
	Month = apr,
	Pages = {189-193},
	Title = {{Ion Dynamics and Acceleration in Relativistic Shocks}},
	Volume = 695,
	Year = 2009,
	Bdsk-Url-1 = {http://dx.doi.org/10.1088/0004-637X/695/2/L189}}

@article{POP_Bret_2014,
	Author = {A. Bret and A. Stockem and L. O. Silva},
	Journal = pop,
	Pages = 072301,
	Title = {Collective {Weibel} shocks: Full formation mechanism and timing},
	Volume = {21},
	Year = {2014}}

@article{POP_Dieckmann_2013,
	Author = {M. E. Dieckmann and G. Sarri and D. Doria and M. Pohl and M. Borghesi},
	Journal = pop,
	Pages = 102112,
	Title = {Modification of the formation of high-Mach number electrostaic shock like structures in the ion acoustic instability},
	Volume = {20},
	Year = {2013}}

@article{POP_Kato_2010,
	Author = {T. N. Kato and H. Takabe},
	Journal = pop,
	Pages = 032114,
	Title = {Electrostatic and electromagnetic instablities associated with electrostatic shocks: Two-dimensional particle-in-cell simulation},
	Volume = {17},
	Year = {2010}}

@article{POP_Gremillet_2002,
	Author = {L. Gremillet and G. Bonnaud and F. Amiranoff},
	Journal = pop,
	Pages = {941},
	Title = {Filamented transport of laser-generated relativistic electrons penetrating a solid target},
	Volume = {9},
	Year = {2002}}

@article{OE_Yanovsky_2008,
	Author = {V. Yanovsky and V. Chvykov and G. Kalinchenko and P. Rousseau and T. Planchon, T. Matsuoka and A. Makisimchuk and J. Nees and G. Cheriaux and G. Mourou and K. Krushelnick},
	Journal = {Optics Express},
	Number = {3},
	Title = {Ultra-high intensity- 300-TW laser at 0.1{Hz} repetition rate},
	Volume = {16},
	Year = {2008}}

@article{POP_Kulsrud_1994,
	Author = {Russell M. Kulsrud},
	Journal = pop,
	Pages = {1735},
	Title = {Important plasma problems in astrophysics},
	Volume = {2},
	Year = {1994}}

@article{Abraham-Shrauner_2010,
	Author = {B. Abraham-Shrauner},
	Journal = ppcf,
	Pages = {025003},
	Title = {{Weibel} instability and quasi-equilibria for collisionless plasmas},
	Volume = {52},
	Year = {2010}}

@article{PPCF_Dieckmann_2007,
	Author = {M. E. Dieckmann and A. Bret and P. K. Shukla},
	Journal = ppcf,
	Pages = {1989-2004},
	Title = {Comparing electrostatic instabilities driven by midly and highly relativistic proton beams},
	Volume = {49},
	Year = {2007}}

@article{PRE_Mora_2005,
  title = {Thin-foil expansion into a vacuum},
  author = {Mora, P.},
  journal = {Phys. Rev. E},
  volume = {72},
  issue = {5},
  pages = {056401},
  numpages = {5},
  year = {2005},
  month = {Nov},
  publisher = {American Physical Society},
  doi = {10.1103/PhysRevE.72.056401}
}
@article{Dieckmann_2008,
	Author = {M. E. Dieckmann and A. Meli and P. K. Shukla and L. O. C. Drury and A. Mastichiadis},
	Eprint = {arXiv:0804.2677v1},
	Journal = {arXiv},
	Title = {Two-dimensional PIC simulations of ion-beam instabilities in Supernova-driven plasma flows},
	Year = {2008}}

@article{RSI_protograhyb,
	Author = {N. L. Kugland and D. D. Ryutov and C. Plechaty and J. S. Ross and H.-S. Park},
	Journal = rsi,
	Pages = {101301},
	Title = {Invited Article: Relation between electric and magnetic field structures and their proton-beam images},
	Volume = {83},
	Year = {2012}}

@article{PRL_Ross_2013,
	Author = {J. S. Ross and H.-S. Park and R. Berger and L. Divol and N. L. Kugland and W. Rozmus and D. Ryutov and S. H. Glenzer},
	Journal = {Phys. Rev. Lett.},
	Pages = {145005},
	Title = {Collisionless Coupling of Ion and Electron Temperatures in counter-streaming Plasma Flows},
	Volume = {110},
	Year = {2013}}

@article{RSI_protograhya,
	Author = {A. J. Mackinnon and P. K. Patel and R. P. Town and M. J. Edwards and T. Phillips and S. C. Lerner and D.W. Price and D. Hicks and M. H. Key and S. Hatchett},
	Journal = rsi,
	Pages = {3531},
	Title = {Invited Article: Relation between electric and magnetic field structures and their proton-beam images},
	Volume = {75},
	Year = {2004}}

@article{PPCF_Fonseca_2013,
	Author = {R. A. Fonseca and J. Vieira and F. Fiuza and A. Davidson and F. S. Tsung and W. B. Mori and L. O. Silva},
	Journal = ppcf,
	Pages = {124011},
	Title = {Exploring multi-scale parallelism for large scale numerical modeling of laser wakefield accelerators},
	Volume = {55},
	Year = {2013}}

@article{POP_Suzuki_2008,
	Author = {A. Suzuki},
	Journal = pop,
	Pages = {072107},
	Title = {A novel method to construct stationary solutions of the {Vlasov-Maxwell} system: The relativistic case},
	Volume = {15},
	Year = {2008}}

@article{PRL_Kocharovsky_2010,
	Author = {V. V. Kocharovsky and Vl. V. Kocharovsky and V. Ju. Martyanov},
	Journal = prl,
	Pages = {215002},
	Title = {Self-Consistent Current Sheets and Filaments in Relativistic Collisionless Plasma with Arbitrary Energy Distribution of Particles},
	Volume = {104},
	Year = {2010}}

@article{PRL_Stockem_2014,
	Author = {A. Stockem and T. Grismpayer and R. A. Fonseca and L. O. Silva},
	Journal = prl,
	Pages = {105002},
	Title = {Electromagnetic Field Generation in the Downstream of Electrostatic Shocks Due to Electron Trapping},
	Volume = {113},
	Year = {2014}}

@article{Palmer_2012,
	Author = {C. A. J. Palmer and J. Schreiber and S. R. Nagel and N. P. Dover and C. Bellei and F. N. Beg and S. Bott and R. J. Clarke and A. E. Dangor and S. M. Hassan and P. Hilz},
	Journal = prl,
	Pages = {215002},
	Title = {{Rayleigh-Taylor} Instability of an Ultraintense Foil Accelerated by the Radiation Pressure of an Intense Laser},
	Volume = {104},
	Year = {2010}}

@article{POP_Link_2011,
	Author = {Link, A. and Freeman, R. R. and Schumacher, D. W. and Van Woerkom, L. D.},
	Doi = {http://dx.doi.org/10.1063/1.3587123},
	Eid = 053107,
	Journal = {Phys. Plasmas},
	Number = {5},
	Pages = {-},
	Title = {Effects of target charging and ion emission on the energy spectrum of emitted electrons},
	Volume = {18},
	Year = {2011}}
	
@book{Decoster_1998,
  title={Modeling of collisions},
  author={Decoster, A. and Markowich, P.A. and Perthame, B. and Raviart, P.A.},
  series={Series in applied mathematics},
  year={1998},
  publisher={Gauthier-Villars}
}

@article{PRE_Califano_98,
	Author = {F. Califano and F. Pegoraro and S. V. Bulanov and A. Mangeney},
	Journal = pre,
	Number = {6},
	Pages = {7048},
	Title = {Kinetic saturation of the Weibel instability in a collisionless plasma},
	Volume = {57},
	Year = {1998}}

@article{Nature_Cole_1982,
	Author = {A. J. Cole and J. D. Kilkenny and R. G. Evans and C. J. Hooker and M. H. Key},
	Journal = {Nature},
	Pages = {329-331},
	Title = {Measurement of {Rayleigh-Taylor} instability in a laser-accelerated target},
	Volume = {299},
	Year = {1982}}

@article{POP_Yamada_1997,
	Author = {M. Yamada and H. Ji and S. Hsu and T. Carter and R. Kulsrud and N. Bretz and F. Jobes and Y. Ono and F. Perkins},
	Journal = pop,
	Pages = {1936},
	Title = {Study of driven magnetic reconnection in a laboratory plasma},
	Volume = {4},
	Year = {1997}}

@article{Nature_Zhong_2010,
	Author = {J. Zhong and Y. Li and X. Wang and J. Wang and Q. Dong and C. Xiao and S. Wang and X. Liu and L. Zhang and L. An and F. Wang and J. Zhu and Y. Gu and X. He and G. Zhao and J. Zhang},
	Journal = {Nature Physics},
	Pages = {984},
	Title = {Modelling loop-top X-ray source and reconnection outlflows in solar flares with intense lasers},
	Volume = {6},
	Year = {2010}}

@article{Nature_Haberberger_2011,
	Author = {D. Haberberger and S. Tochitsky and F. Fiuza and C. Gong and R. A. Fonseca and L. O. Silva and W. B. Mori and C. Joshi},
	Journal = {Nature Physics},
	Pages = {95},
	Title = {Collisionless shocks in laser-produced plasma generate monoenergetic high-energy proton beams},
	Volume = {8},
	Year = {2012}}

@article{RMP_Yamada_2010,
	Author = {M. Yamada and R. Kulsrud and H. Ji},
	Journal = {Rev. Mod. Phys.},
	Pages = {603},
	Title = {Magnetic reconnection},
	Volume = {82},
	Year = {2010}}

@article{POP_Bret_2007a,
	Author = {A. Bret and L. Gremillet and J. C. Bellido},
	Journal = pop,
	Pages = {032103},
	Title = {How really transverse is the filamentation instability ?},
	Volume = {14},
	Year = {2007}}

@article{PRL_Bret_2008,
	Author = {A. Bret and L. Gremillet and D. B\'enisti and E. Lefebvre},
	Journal = prl,
	Pages = {205008},
	Title = {Exact relativistic kinetic theory of an electron beam-plasma system: Hierarchy of the competing modes in the system parameter space},
	Volume = {100},
	Year = {2008}}

@article{PRL_Romanov_2004,
	Author = {D. V. Romanov and V. Yu. Bychenkov and W. Rozmus and C. E. Capjack and R. Fedosejevs},
	Journal = prl,
	Pages = {215004},
	Title = {Self-Organisation of a Plasma due to 3D Evolution of the {Weibel} Instability},
	Volume = {93},
	Year = {2004}}

@article{PRL_Quinn_2012,
	Author = {K. Quinn and L. Romagnani and B. Ramakrishna and G. Sarri and M. E. Dieckmann and P. A. Wilson and J. Fuchs and L. Lancia
	and A. Pipahl and T. Toncian and O. Willi and R. J. Clarke and M. Notley and A. Macchi and M. Borghesi},
	Journal = prl,
	Pages = {135001},
	Title = {{Weibel}-Induced Filamentation during an Ultrafast laser-Driven Plasma Expansion},
	Volume = {108},
	Year = {2012}}

@article{PRL_Fox_2013,
	Author = {W. Fox and G. Fiksel and A. Bhattacharjee and P.-Y. Chang and K. Germaschewski and S. X. Hu and P. M. Nilson},
	Journal = prl,
	Pages = {225002},
	Title = {Filamentation Instability of counter-streaming Laser-Driven Plasmas},
	Volume = {111},
	Year = {2013}}

@article{POP_Ruyer_2013,
	Author = {{Ruyer}, C. and {Gremillet}, L. and {B\'enisti}, D. and {Bonnaud}, G.},
	Doi = {10.1063/1.4829022},
	Journal = {Phys. Plasmas},
	Month = nov,
	Number = 4,
	Pages = {112104},
	Title = {{Electromagnetic fluctuations and normal modes of a drifting relativistic plasma}},
	Volume = 20,
	Year = 2013}
	
@article{POP_Ruyer_2014,
	Author = {{Ruyer}, C. and {Gremillet}, L. and {B\'enisti}, D. and {Bonnaud}, G.},
	Eprint = {arXiv:1502.00816},
	Journal = {Submitted to Phys. Plasmas},
	Title = {{Weibel instability-mediated collisionless shocks in laser-irradiated dense plasmas: Prevailing role of the electrons in generating the field fluctuations}},
	Year = 2015
	}

@article{POP_Gedalin_2010,
	Author = {M. Gedalin and M. Medvedev and A. Spitkovsky and V. Krasnoseskikh and M. Balikhin and A. Vaivads and S. Perri},
	Doi = {10.1063/1.3345824},
	Journal = {Phys. Plasmas},
	Pages = {032108},
	Title = {{Growth of filaments and saturation of the filamentation instability}},
	Volume = 17,
	Year = 2010
	}

@article{APJ_Hededal2004,
	Author = {{Hededal}, C.~B. and {Haugb{\o}lle}, T. and {Frederiksen}, J.~T. and {Nordlund}, {\AA}.},
	Journal = {Astrophys. J. Lett.},
	Month = dec,
	Pages = {L107-L110},
	Title = {{Non-fermi power-Law acceleration in astrophysical plasma shocks}},
	Volume = 617,
	Year = 2004}

@article{APJ_Nishikawa2005,
	Author = {K.-I. Nishikawa and P. Hardee and G. Richardson and R. Preece and H. Sol and G. J. Fishman},
	Journal = {The Astrophysical Journal},
	Number = {2},
	Pages = {927},
	Title = {Particle Acceleration and Magnetic Field Generation in Electron-Positron Relativistic Shocks},
	Volume = {622},
	Year = {2005}}

@article{APJ_Haugbolle_2011,
	Author = {{Haugb{\o}lle}, T.},
	Doi = {10.1088/2041-8205/739/2/L42},
	Journal = {Astrophys. J. Lett.},
	Month = oct,
	Pages = {42},
	Title = {{Three-dimensional modeling of relativistic collisionless ion-electron shocks}},
	Volume = 739,
	Year = 2011,
	Bdsk-Url-1 = {http://dx.doi.org/10.1088/2041-8205/739/2/L42}}

@article{POP_Zhang_2007,
	Author = {{Zhang}, X. and {Shen}, B. and {Yu}, M.~Y. and {Li}, X. and {Jin}, Z. and {Wang}, F. and {Wen}, M.},
	Doi = {10.1063/1.2811930},
	Journal = {Phys. Plasmas},
	Month = nov,
	Number = 11,
	Pages = {113108},
	Title = {{Effect of plasma temperature on electrostatic shock generation and ion acceleration by laser}},
	Volume = 14,
	Year = 2007,
	Bdsk-Url-1 = {http://dx.doi.org/10.1063/1.2811930}}

@article{APJ_Nishikawa_2009,
	Author = {{Nishikawa}, K.-I. and {Niemiec}, J. and {Hardee}, P.~E. and {Medvedev}, M. and {Sol}, H. and {Mizuno}, Y.
	and {Zhang}, B. and {Pohl}, M. and {Oka}, M. and {Hartmann}, D.~H.},
	Doi = {10.1088/0004-637X/698/1/L10},
	Journal = {Astrophys. J. Lett.},
	Month = jun,
	Pages = {L10-L13},
	Title = {{Weibel Instability and Associated Strong Fields in a Fully Three-Dimensional Simulation of a Relativistic Shock}},
	Volume = 698,
	Year = 2009,
	Bdsk-Url-1 = {http://dx.doi.org/10.1088/0004-637X/698/1/L10}}

@inproceedings{Spitkovsky2005,
	Adsnote = {Provided by the SAO/NASA Astrophysics Data System},
	Adsurl = {http://adsabs.harvard.edu/abs/2005AIPC..801..345S},
	Author = {{Spitkovsky}, A.},
	Booktitle = {Astrophysical Sources of High Energy Particles and Radiation},
	Doi = {10.1063/1.2141897},
	Editor = {{Bulik}, T. and {Rudak}, B. and {Madejski}, G.},
	Eprint = {arXiv:astro-ph/0603211},
	Month = nov,
	Pages = {345-350},
	Series = {American Institute of Physics Conference Series},
	Title = {{Simulations of relativistic collisionless shocks: shock structure and particle acceleration}},
	Volume = 801,
	Year = 2005,
	Bdsk-Url-1 = {http://dx.doi.org/10.1063/1.2141897}}

@article{EPL_Gedalin_2012,
	Author = {M. Gedalin and E. Smolik and A. Spitkovsky and M. Balikhin},
	Journal = {Eur. Phys. Lett.},
	Pages = {35002},
	Title = {{Electron heating by filamentary instability}},
	Volume = 97,
	Year = 2012}

@article{POP_Bret_Gremillet_2010,
	Author = {A. Bret and L. Gremillet and M. E. Dieckmann},
	Journal = {Phys. Plasmas},
	Number = {12},
	Pages = 120501,
	Title = {Multidimensional electron beam-plasma instabilities in the relativistic regime},
	Volume = {17},
	Year = {2010}}

@article{JETP_Fainberg_1970,
	Author = {Ya. B. Fa\u{\i}nberg and V. D. Shapiro and V.I. Shevchenko},
	Journal = {Soviet Phys. JETP},
	Pages = {528},
	Volume = {30},
	Year = {1970}}

@article{POF_Watson_1960,
	Author = {K. M. Watson and S. A. Bludman and M. N. Rosenbluth},
	Journal = {Phys. Fluids},
	Pages = {741},
	Title = {Statistical Mechanics of Relativistic Streams. I},
	Volume = {3},
	Year = {1960}}

@article{POF_Bludman_1960,
	Author = {S. A. Bludman and K. M. Watson and M. N. Rosenbluth},
	Journal = {Phys. Fluids},
	Pages = {747},
	Title = {Statistical Mechanics of Relativistic Streams. II},
	Volume = {3},
	Year = {1960}}

@article{POP_Karmakar_2008,
	Author = {A. Karmakar and N. Kumar and A. Pukhov and O. Polomarov and G. Shvets},
	Journal = {Phys. Plasmas},
	Pages = 120702,
	Title = {Three-dimensional filamentary structures of a relativistic electron beam in fast ignition plasmas},
	Volume = {15},
	Year = {2008}}

@article{POP_Bret_Dieckman_2008,
	Author = {A. Bret and M. E. Dieckman},
	Journal = {Phys. Plasmas},
	Pages = 012104,
	Title = {Ions motion effects on the full unstable spectrum in relativistic electron beam plasma interaction},
	Volume = {15},
	Year = {2008}}

@article{POP_Bret_Deutch_2005,
	Author = {A. Bret and C. Deutsch},
	Journal = {Phys. Plasmas},
	Pages = 082704,
	Title = {Hierarchy of beam plasma instabilities up to high beam densities for fast ignition},
	Volume = {12},
	Year = {2005}}

@article{RMP_Malkov_2001,
	Author = {{Malkov}, M.~A. and {O'C Drury}, L.},
	Doi = {10.1088/0034-4885/64/4/201},
	Journal = {Rep. Prog. Phys.},
	Month = apr,
	Pages = {429-481},
	Title = {{Nonlinear theory of diffusive acceleration of particles by shock waves}},
	Volume = 64,
	Year = 2001,
	Bdsk-Url-1 = {http://dx.doi.org/10.1088/0034-4885/64/4/201}}

@article{Bret_Gremillet_Benisti_2010,
	Author = {A. Bret and L. Gremillet and D. B\'enisti},
	Journal = {Phys. Rev. E},
	Number = {3},
	Pages = {036402},
	Title = {Exact relativistic kinetic theory of the full unstable spectrum of an electron-beam-plasma system with {Maxwell-J\"uttner} distribution functions},
	Volume = {81},
	Year = {2010}}

@article{POP_Bret_2013,
	Author = {{Bret}, A. and {Stockem}, A. and {Fiuza}, F. and {Ruyer}, C. and {Gremillet}, L. and {Narayan}, R. and {Silva}, L.~O.},
	Doi = {10.1063/1.4798541},
	Journal = {Phys. Plasmas},
	Month = apr,
	Number = 4,
	Pages = {042102},
	Title = {{Collisionless shock formation, spontaneous electromagnetic fluctuations, and streaming instabilities}},
	Volume = 20,
	Year = 2013
}

@article{POP_Hao_2008,
	Author = {Hao, B. and Sheng, Z. M. and Zhang, J.},
	Doi = {10.1063/1.2969432},
	Journal = {Phys. Plasmas},
	Number = 1,
	Pages = {082112},
	Title = {{Kinetic theory on the current-filamentation instability in collisional plasmas}},
	Volume = 15,
	Year = 2008,
	Bdsk-Url-1 = {http://dx.doi.org/10.1063/1.2969432}}

@article{SR_Stockem_2013,
	Author = {{Stockem}, A. and {Fiuza}, F. and {Bret}, A. and {Fonseca}, R.~A. and {Silva}, L.~O.},
	title = {{Exploring the nature of collisionless shocks under laboratory conditions}},
	Journal = {Sci. Rep.},
	Month = feb,
	Number = {3934},
	volume = {4},
	year = 2014,
	doi = {10.1038/srep03934}
}

@article{APJ_Chang_2008,
	Author = {P. Chang and A. Spitkovsky and J. Arons},	
	Title = {Long-term evolution of magnetic turbulence in relativistic collisionless shocks: {Electron-positron} plasmas},
	Journal = {Astrophys J.},
	Number = {1},
	Pages = {378-387},
	Volume = {674},
	Year = {2008}
}

@article{PRL_Cowan_2004,
  title = {Ultralow Emittance, Multi-MeV Proton Beams from a Laser Virtual-Cathode Plasma Accelerator},
  author = {Cowan, T. E. and Fuchs, J. and Ruhl, H. and Kemp, A. and Audebert, P. and Roth, M. and Stephens, R. and Barton, I. and Blazevic, A. and Brambrink, E. and Cobble, J. and Fern\'andez, J. and Gauthier, J.-C. and Geissel, M. and Hegelich, M. and Kaae, J. and Karsch, S. and Le Sage, G. P. and Letzring, S. and Manclossi, M. and Meyroneinc, S. and Newkirk, A. and P\'epin, H. and Renard-LeGalloudec, N.},
  journal = {Phys. Rev. Lett.},
  volume = {92},
  issue = {20},
  pages = {204801},
  numpages = {4},
  year = {2004},
  month = {May},
  publisher = {American Physical Society},
  doi = {10.1103/PhysRevLett.92.204801}
}

@article{PRL_Spitkovsky_2015,
	Author = {Park, Jaehong and Caprioli, Damiano and Spitkovsky, Anatoly},
	title = {Simultaneous Acceleration of Protons and Electrons at Nonrelativistic Quasiparallel Collisionless Shocks},
	journal = {Phys. Rev. Lett.},
	month = {Feb},
	numpages = {5},
	pages = {085003},
	volume = {114},
	issue = {8},
	year = {2015},
	doi = {10.1103/PhysRevLett.114.085003}
}

@article{PRL_Chang_2011,
	Author = {Chang, P. Y. and Fiksel, G. and Hohenberger, M. and Knauer, J. P. and Betti, R. and Marshall, F. J. and Meyerhofer, D. D. and S\'eguin, F. H. and Petrasso, R. D.},
	Title = {Fusion Yield Enhancement in Magnetized Laser-Driven Implosions},
	Journal = {Phys. Rev. Lett.},
	Month = {Jul},
	Numpages = {4},
	Pages = {035006},
	Issue = {3},
	Volume = {107},
	Year = {2011},
	doi = {10.1103/PhysRevLett.107.035006}
}

@article{APJ_Bret_2009,
	Author = {A. Bret},
	Journal = {Astrophys J.},
	Pages = {990-1003},
	Title = {{Weibel}, two-stream, Filamentation, oblique, {Bell}, {Buneman}... Which one grows faster ?},
	Volume = {699},
	Year = {2009}}

@article{APJ_Suzuki_2009,
	Author = {A. Suzuki and T. Shigeyama},
	Journal = {Astrophys J.},
	Pages = {1550-1558},
	Title = {Detailed Analysis of Filamentary Structure in the {Weibel} Instability},
	Volume = {695},
	Year = {2009}}

@article{PRL_Denavit_1992,
	Author = {J. Denavit},
	Journal = prl,
	Pages = {3052},
	Title = {Absorption of High-Intendity Subpicosecond Lasers on Solid Density Targets},
	Volume = {69},
	Year = {1992}}

@article{APJ_Milosavljevic_2006,
	Author = {M. Milosavljevi\'c and E. Nakar},
	Journal = {Astrophys J.},
	Pages = {978-983},
	Title = {{Weibel} Filament decay and Thermalization in Collisionless Shocks and Gamma-ray Burst Afterglows},
	Volume = {641},
	Year = {2006}}

@article{NatureCRSnR,
	Adsnote = {Provided by the SAO/NASA Astrophysics Data System},
	Adsurl = {http://adsabs.harvard.edu/abs/1995Natur.378..255K},
	Author = {{Koyama}, K. and {Petre}, R. and {Gotthelf}, E.~V. and {Hwang}, U. and {Matsuura}, M. and {Ozaki}, M. and {Holt}, S.~S.},
	Doi = {10.1038/378255a0},
	Journal = {Nature},
	Month = nov,
	Pages = {255-258},
	Title = {{Evidence for shock acceleration of high-energy electrons in the supernova remnant SN1006}},
	Volume = 378,
	Year = 1995,
	Bdsk-Url-1 = {http://dx.doi.org/10.1038/378255a0}}

@article{AA_Dieckmann2000,
	Author = {{Dieckmann}, M.~E. and {Chapman}, S.~C. and {McClements}, K.~G. and {Dendy}, R.~O. and {Drury}, L.~O.},
	Journal = {Astronomy \& Astrophysics},
	Pages = {377-388},
	Title = {Electron acceleration due to high frequency instabilities at supernova remnant shocks},
	Volume = 356,
	Year = 2000}

@article{PR_Nakar_2007,
	Author = {E. Nakar},
	Journal = {Phys. Rep.},
	Pages = {166},
	Title = {Short-hard gamma-ray bursts},
	Volume = {442},
	Year = {2007}}

@article{APL_Edwards_2002,
	Author = {Edwards, R. D. and Sinclair, M. A. and Goldsack, T. J. and Krushelnick, K. and Beg, F. N. and Clark, E. L. and Dangor, A. E. and Najmudin, Z.
	and Tatarakis, M. and Walton, B. and Zepf, M. and Ledingham, K. W. D. and Spencer, I. and Norreys, P. A. and Clarke, R. J. and Kodama, R.
	and Toyama, Y. and Tampo, M.},
	Journal = {Appl. Phys. Lett.},
	Number = {12},
	Pages = {2129-2131},
	Title = {Characterization of a gamma-ray source based on a laser-plasma accelerator with applications to radiography},
	Volume = {80},
	Year = {2002}}

@article{PRL_Higginson_2015,
	Author = {Higginson, D. P. and Vassura, L. and Gugiu, M. M. and Antici, P. and Borghesi, M. and Brauckmann, S. and Diouf, C. and Green, A. and Palumbo, L. and Petrascu, H. and Sofia, S. and Stardubtsev, M. and Willi, O. and Kar, S. and Negoita, F. and Fuchs, J.},
	Doi = {10.1103/PhysRevLett.115.054802},
	Issue = {5},
	Journal = {Phys. Rev. Lett.},
	Month = {Jul},
	Numpages = {5},
	Pages = {054802},
	Title = {Temporal Narrowing of Neutrons Produced by High-Intensity Short-Pulse Lasers},
	Volume = {115},
	Year = {2015},
	Bdsk-Url-1 = {http://dx.doi.org/10.1103/PhysRevLett.115.054802}}

@article{PRL_Fuchs_2003,
  title = {Spatial Uniformity of Laser-Accelerated Ultrahigh-Current MeV Electron Propagation in Metals and Insulators},
  author = {Fuchs, J. and Cowan, T. E. and Audebert, P. and Ruhl, H. and Gremillet, L. and Kemp, A. and Allen, M. and Blazevic, A.
  and Gauthier, J.-C. and Geissel, M. and Hegelich, M. and Karsch, S. and Parks, P. and Roth, M. and Sentoku, Y. and Stephens, R. and Campbell, E. M.},
  journal = {Phys. Rev. Lett.},
  volume = {91},
  issue = {25},
  pages = {255002},
  numpages = {4},
  year = {2003},
  month = {Dec},
  doi = {10.1103/PhysRevLett.91.255002}
}


@article{POP_Antici_2013,
	Author = {Antici, P. and Gremillet, L. and Grismayer, T. and Mora, P. and Audebert, P. and Borghesi, M. and Cecchetti, C. A. and Man??ic, A. and Fuchs, J.},
	Doi = {http://dx.doi.org/10.1063/1.4833618},
	Eid = 123116,
	Journal = {Physics of Plasmas},
	Number = {12},
	Pages = {-},
	Title = {Modeling target bulk heating resulting from ultra-intense short pulse laser irradiation of solid density targets},
	Volume = {20},
	Year = {2013},
	Bdsk-Url-1 = {http://dx.doi.org/10.1063/1.4833618}}

@article{PRL_Chen_2009,
	Author = {Chen, Hui and Wilks, Scott C. and Bonlie, James D. and Liang, Edison P. and Myatt, Jason and Price, Dwight F. and Meyerhofer, David D. and Beiersdorfer, Peter},
	Doi = {10.1103/PhysRevLett.102.105001},
	Issue = {10},
	Journal = {Phys. Rev. Lett.},
	Month = {Mar},
	Numpages = {4},
	Pages = {105001},
	Title = {Relativistic Positron Creation Using Ultraintense Short Pulse Lasers},
	Volume = {102},
	Year = {2009},
	Bdsk-Url-1 = {http://dx.doi.org/10.1103/PhysRevLett.102.105001}}

@article{PRE_Doumy_2004,
	Author = {Doumy, G. and Qu\'er\'e, F. and Gobert, O. and Perdrix, M. and Martin, Ph. and Audebert, P. and Gauthier, J. C. and Geindre, J.-P. and Wittmann, T.},
	Doi = {10.1103/PhysRevE.69.026402},
	Issue = {2},
	Journal = {Phys. Rev. E},
	Month = {Feb},
	Numpages = {12},
	Pages = {026402},
	Title = {Complete characterization of a plasma mirror for the production of high-contrast ultraintense laser pulses},
	Volume = {69},
	Year = {2004},
	Bdsk-Url-1 = {http://dx.doi.org/10.1103/PhysRevE.69.026402}}

@article{RMP_Piran_2004,
	Author = {T. Piran},
	Journal = {Rev. Mod. Phys.},
	Pages = {1143},
	Volume = {76},
	Year = {2004}}

@article{PRL_Buffechoux_2010,
	Author = {Buffechoux, S. and Psikal, J. and Nakatsutsumi, M. and Romagnani, L. and Andreev, A. and Zeil, K. and Amin, M. and Antici, P. and Burris-Mog, T. and Compant-La-Fontaine, A. and d'Humi\`eres, E. and Fourmaux, S. and Gaillard, S. and Gobet, F. and Hannachi, F. and Kraft, S. and Mancic, A. and Plaisir, C. and Sarri, G. and Tarisien, M. and Toncian, T. and Schramm, U. and Tampo, M. and Audebert, P. and Willi, O. and Cowan, T. E. and P\'epin, H. and Tikhonchuk, V. and Borghesi, M. and Fuchs, J.},
	Doi = {10.1103/PhysRevLett.105.015005},
	Issue = {1},
	Journal = {Phys. Rev. Lett.},
	Month = {Jul},
	Numpages = {5},
	Pages = {015005},
	Title = {Hot Electrons Transverse Refluxing in Ultraintense Laser-Solid Interactions},
	Volume = {105},
	Year = {2010},
	Bdsk-Url-1 = {http://dx.doi.org/10.1103/PhysRevLett.105.015005}}

@article{RSI_Albertazzi_2015,
	Author = {Albertazzi, B. and d'Humi\`eres, E. and Lancia, L. and Dervieux, V. and Antici, P. and {B\"ocker}, J. and Bonlie, J. and Breil, J. and Cauble, B. and Chen, S. N. and Feugeas, J. L. and Nakatsutsumi, M. and {Nicola\"i}, P. and Romagnani, L. and Shepherd, R. and Sentoku, Y. and Swantusch, M. and Tikhonchuk, V. T. and Borghesi, M. and Willi, O. and P\'epin, H. and Fuchs, J.},
	Doi = {http://dx.doi.org/10.1063/1.4917273},
	Journal = {Rev. Sci. Instrum.},
	Number = {4},
	Title = {A compact broadband ion beam focusing device based on laser-driven megagauss thermoelectric magnetic fields},
	Volume = {86},
	Year = {2015},
	Bdsk-Url-1 = {http://dx.doi.org/10.1063/1.4917273}}

@article{POP_Albertazzi_2015,
author = {Albertazzi,B.  and Chen,S. N.  and Antici,P.  and Böker,J.  and Borghesi,M.  and Breil,J.  and Dervieux,V.  and Feugeas,J. L.  and Lancia,L.  and Nakatsutsumi,M.  and Nicolaï,Ph.  and Romagnagni,L.  and Shepherd,R.  and Sentoku,Y.  and Starodubtsev,M.  and Swantusch,M.  and Tikhonchuk,V. T.  and Willi,O.  and d'Humières,E.  and Pépin,H.  and Fuchs,J. },
title = {Dynamics and structure of self-generated magnetics fields on solids following high contrast, high intensity laser irradiation},
journal = {Physics of Plasmas},
volume = {22},
number = {12},
pages = {123108},
year = {2015},
doi = {10.1063/1.4936095}}

@article{PRL_Sentoku_2003,
	Author = {Sentoku, Y. and Mima, K. and Kaw, P. and Nishikawa, K.},
	Doi = {10.1103/PhysRevLett.90.155001},
	Issue = {15},
	Journal = {Phys. Rev. Lett.},
	Month = {Apr},
	Numpages = {4},
	Pages = {155001},
	Title = {Anomalous Resistivity Resulting from MeV-Electron Transport in Overdense Plasma},
	Volume = {90},
	Year = {2003},
	Bdsk-Url-1 = {http://dx.doi.org/10.1103/PhysRevLett.90.155001}}

@article{PRL_Ping_2008,
	Author = {Ping, Y. and Shepherd, R. and Lasinski, B. F. and Tabak, M. and Chen, H. and Chung, H. K. and Fournier, K. B. and Hansen, S. B. and Kemp, A.
	and Liedahl, D. A. and Widmann, K. and Wilks, S. C. and Rozmus, W. and Sherlock, M.},
	Doi = {10.1103/PhysRevLett.100.085004},
	Issue = {8},
	Journal = {Phys. Rev. Lett.},
	Month = {Feb},
	Numpages = {4},
	Pages = {085004},
	Title = {Absorption of Short Laser Pulses on Solid Targets in the Ultrarelativistic Regime},
	Volume = {100},
	Year = {2008},
	Bdsk-Url-1 = {http://dx.doi.org/10.1103/PhysRevLett.100.085004}}

@article{PRL_Sarri_2012,
	Author = {Sarri, G. and Macchi, A. and Cecchetti, C. A. and Kar, S. and Liseykina, T. V. and Yang, X. H. and Dieckmann, M. E. and Fuchs, J. and Galimberti, M.
	and Gizzi, L. A. and Jung, R. and Kourakis, I. and Osterholz, J. and Pegoraro, F. and Robinson, A. P. L. and Romagnani, L. and Willi, O. and Borghesi, M.},
	Doi = {10.1103/PhysRevLett.109.205002},
	Issue = {20},
	Journal = {Phys. Rev. Lett.},
	Month = {Nov},
	Numpages = {5},
	Pages = {205002},
	Title = {Dynamics of Self-Generated, Large Amplitude Magnetic Fields Following High-Intensity Laser Matter Interaction},
	Volume = {109},
	Year = {2012},
	Bdsk-Url-1 = {http://dx.doi.org/10.1103/PhysRevLett.109.205002}}

@article{PRE_Grismayer_2008,
	Author = {Grismayer, T. and Mora, P. and Adam, J. C. and H\'eron, A.},
	Doi = {10.1103/PhysRevE.77.066407},
	Issue = {6},
	Journal = {Phys. Rev. E},
	Month = {Jun},
	Numpages = {11},
	Pages = {066407},
	Title = {Electron kinetic effects in plasma expansion and ion acceleration},
	Volume = {77},
	Year = {2008},
	Bdsk-Url-1 = {http://dx.doi.org/10.1103/PhysRevE.77.066407}}
	
@article{PRL_Mora_2009,
  title = {Rarefaction Acceleration and Kinetic Effects in Thin-Foil Expansion into a Vacuum},
  author = {Mora, P. and Grismayer, T.},
  journal = {Phys. Rev. Lett.},
  volume = {102},
  issue = {14},
  pages = {145001},
  numpages = {4},
  year = {2009},
  month = {Apr},
  publisher = {American Physical Society},
  doi = {10.1103/PhysRevLett.102.145001}
}

@article{PRE_Thaury_2010,
	Author = {Thaury, C. and Mora, P. and H\'eron, A. and Adam, J. C.},
	Doi = {10.1103/PhysRevE.82.016408},
	Issue = {1},
	Journal = {Phys. Rev. E},
	Month = {Jul},
	Numpages = {4},
	Pages = {016408},
	Title = {Self-generation of megagauss magnetic fields during the expansion of a plasma},
	Volume = {82},
	Year = {2010},
	Bdsk-Url-1 = {http://dx.doi.org/10.1103/PhysRevE.82.016408}}

@article{PRL_Borghesi_98,
	Author = {Borghesi, M. and MacKinnon, A. J. and Bell, A. R. and Gaillard, R. and Willi, O.},
	Doi = {10.1103/PhysRevLett.81.112},
	Issue = {1},
	Journal = {Phys. Rev. Lett.},
	Month = {Jul},
	Numpages = {0},
	Pages = {112--115},
	Title = {Megagauss Magnetic Field Generation and Plasma Jet Formation on Solid Targets Irradiated by an Ultraintense Picosecond Laser Pulse},
	Volume = {81},
	Year = {1998},
	Bdsk-Url-1 = {http://dx.doi.org/10.1103/PhysRevLett.81.112}}

@article{PM_Bolton_2014,
	Author = {Bolton, P.R. and Borghesi, M. and Brenner, C. and Carroll, D.C. and {De Martini}, C. and Fiorini, F. and Flacco, A. and Floquet, V. and Fuchs, J. and Gallegos, P. and Giove, D. and Green, J.S. and Green, S. and Jones, B. and Kirby, D. and {McKenna}, P. and Neely, D. and Nuesslin, F. and Prasad, R. and Reinhardt, S. and Roth, M. and Schramm, U. and Scott, G.G. and {Ter-Avetisyan}, S. and Tolley, M. and Turchetti, G. and Wilkens, J.J.},
	Issue = {3},
	Journal = {Phys. Med.},
	Month = {May},
	Pages = {255-70},
	Title = {Instrumentation for diagnostics and control of laser-accelerated proton (ion) beams.},
	Volume = {30},
	Year = {2014}}

@article{POP_Ruyer_2015,
	Author = {Ruyer, C. and Gremillet, L. and Debayle, A. and Bonnaud, G.},
	Doi = {http://dx.doi.org/10.1063/1.4913651},
	Journal = {Physics of Plasmas},
	Number = {3},
	Title = {Nonlinear dynamics of the ion Weibel-filamentation instability: An analytical model for the evolution of the plasma and spectral properties},
	Volume = {22},
	Year = {2015}
}

@article{LPB_Borghesi_2002,
	Author = {Borghesi, M. and Campbell, D.H. and Schiavi, A. and Willi, O. and Mackinnon, A.J. and Hicks, D. and Patel, P. and Gizzi, L.A. and Galimberti, M. and Clarke, R.J.},
	Doi = {10.1017/S0263034602202177},
	Issn = {1469-803X},
	Issue = {02},
	Journal = {Laser and Particle Beams},
	Month = {4},
	Numpages = {7},
	Pages = {269--275},
	Title = {Laser-produced protons and their application as a particle probe},
	Volume = {20},
	Year = {2002},
	Bdsk-Url-1 = {http://dx.doi.org/10.1017/S0263034602202177}}

@article{Science_Albertazzi_2014,
	Author = {Albertazzi, B. and Ciardi, A. and Nakatsutsumi, M. and Vinci, T. and B??ard, J. and Bonito, R. and Billette, J. and Borghesi, M. and Burkley, Z. and Chen, S. N. and Cowan, T. E. and Herrmannsd??rfer, T. and Higginson, D. P. and Kroll, F. and Pikuz, S. A. and Naughton, K. and Romagnani, L. and Riconda, C. and Revet, G. and Riquier, R. and Schlenvoigt, H.-P. and Skobelev, I. Yu. and Faenov, A.Ya. and Soloviev, A. and Huarte-Espinosa, M. and Frank, A. and Portugall, O. and P??pin, H. and Fuchs, J.},
	Doi = {10.1126/science.1259694},
	Eprint = {http://www.sciencemag.org/content/346/6207/325.full.pdf},
	Journal = {Science},
	Number = {6207},
	Pages = {325-328},
	Title = {Laboratory formation of a scaled protostellar jet by coaligned poloidal magnetic field},
	Volume = {346},
	Year = {2014},
	Bdsk-Url-1 = {http://dx.doi.org/10.1126/science.1259694}}

@article{PRL_Kluge_2011,
	Author = {Kluge, T. and Cowan, T. and Debus, A. and Schramm, U. and Zeil, K. and Bussmann, M.},
	Doi = {10.1103/PhysRevLett.107.205003},
	Issue = {20},
	Journal = {Phys. Rev. Lett.},
	Month = {Nov},
	Numpages = {5},
	Pages = {205003},
	Publisher = {American Physical Society},
	Title = {Electron Temperature Scaling in Laser Interaction with Solids},
	Url = {http://link.aps.org/doi/10.1103/PhysRevLett.107.205003},
	Volume = {107},
	Year = {2011},
	Bdsk-Url-1 = {http://link.aps.org/doi/10.1103/PhysRevLett.107.205003},
	Bdsk-Url-2 = {http://dx.doi.org/10.1103/PhysRevLett.107.205003}}

@article{ARAA_Hillas_1984,
	Author = {Hillas, A. M.},
	Journal = {Annual Review of Astronomy and Astrophysics},
	Pages = {425},
	Title = {The origin of ultra-high-energy cosmic rays},
	Volume = {22},
	Year = {1984}}
	
@book{Melrose_1986, 
	place={Cambridge}, 
	title={Instabilities in Space and Laboratory Plasmas}, 
	DOI={10.1017/CBO9780511564123}, 
	publisher={Cambridge University Press}, 
	author={Melrose, D. B.}, 
	year={1986}}

@article{POP_Koestler_2015,
	Author = {Koester, Petra and Booth, Nicola and Cecchetti, Carlo A. and Chen, Hui and Evans, Roger G. and Gregori, Gianluca and Labate, Luca and Levato, Tadzio
	and Li, Bin and Makita, Mikako and Mithen, James and Murphy, Christopher D. and Notley, Margaret and Pattathil, Rajeev and Riley, David and Woolsey, Nigel
	and Gizzi, Leonida A.},
	title = {Evidence of locally enhanced target heating due to instabilities of counter-streaming fast electron beams},
	journal = {Phys.  Plasmas},
	number = {2},
	volume = {22},
	year = {2015},
	doi = {http://dx.doi.org/10.1063/1.4907195}
}

@article{APJ_Drake_2012,
	Author = {R. P. Drake and G. Gregori},
	Title = {Design consideration for unmagnetized collisionless-shock measurements in homologous flows},
	Journal = {Astrophys J.},
	Pages = {171},
	Volume = {179},
	Year = {2012}
}

@article{PRL_Roth_2013,
	Author = {Roth, M. and Jung, D. and Falk, K. and Guler, N. and Deppert, O. and Devlin, M. and Favalli, A. and Fernandez, J. and Gautier, D.
	and Geissel, M. and Haight, R. and Hamilton, C. E. and Hegelich, B. M. and Johnson, R. P. and Merrill, F. and Schaumann, G. and Schoenberg, K.
	and Schollmeier, M. and Shimada, T. and Taddeucci, T. and Tybo, J. L. and Wagner, F. and Wender, S. A. and Wilde, C. H. and Wurden, G. A.},
	Journal = {Phys. Rev. Lett.},
	Title = {Bright Laser-Driven Neutron Source Based on the Relativistic Transparency of Solids},
	Issue = {4},
	Month = {Jan},
	Numpages = {5},
	Pages = {044802},	
	Volume = {110},
	Year = {2013},
	Doi = {10.1103/PhysRevLett.110.044802}
}

@article{PRL_Baton_2003,
	Author = {Baton, S. D. and Santos, J. J. and Amiranoff, F. and Popescu, H. and Gremillet, L. and Koenig, M. and Martinolli, E. and Guilbaud, O. and Rousseaux, C. and Rabec Le Gloahec, M. and Hall, T. and Batani, D. and Perelli, E. and Scianitti, F. and Cowan, T. E.},
	Doi = {10.1103/PhysRevLett.91.105001},
	Issue = {10},
	Journal = {Phys. Rev. Lett.},
	Month = {Sep},
	Numpages = {4},
	Pages = {105001},
	Title = {Evidence of Ultrashort Electron Bunches in Laser-Plasma Interactions at Relativistic Intensities},
	Volume = {91},
	Year = {2003},
	Bdsk-Url-1 = {http://dx.doi.org/10.1103/PhysRevLett.91.105001}}

@article{PRE_Stephens_2004,
  title = {${K}_{\ensuremath{\alpha}}$ fluorescence measurement of relativistic electron transport in the context of fast ignition },
  author = {Stephens, R. B. and Snavely, R. A. and Aglitskiy, Y. and Amiranoff, F. and Andersen, C. and Batani, D. and Baton, S. D. and Cowan, T. and Freeman, R. R. and Hall, T. and Hatchett, S. P. and Hill, J. M. and Key, M. H. and King, J. A. and Koch, J. A. and Koenig, M. and MacKinnon, A. J. and Lancaster, K. L. and Martinolli, E. and Norreys, P. and Perelli-Cippo, E. and Rabec Le Gloahec, M. and Rousseaux, C. and Santos, J. J. and Scianitti, F.},
  journal = {Phys. Rev. E},
  volume = {69},
  issue = {6},
  pages = {066414},
  numpages = {7},
  year = {2004},
  month = {Jun},
  doi = {10.1103/PhysRevE.69.066414}
}

@article{PRE_Martinolli_2006,
	Author = {Martinolli, E. and Koenig, M. and Baton, S. D. and Santos, J. J. and Amiranoff, F. and Batani, D. and Perelli-Cippo, E. and Scianitti, F. and Gremillet, L. and M\'elizzi, R. and Decoster, A. and Rousseaux, C. and Hall, T. A. and Key, M. H. and Snavely, R. and MacKinnon, A. J. and Freeman, R. R. and King, J. A. and Stephens, R. and Neely, D. and Clarke, R. J.},
	Doi = {10.1103/PhysRevE.73.046402},
	Issue = {4},
	Journal = {Phys. Rev. E},
	Month = {Apr},
	Numpages = {5},
	Pages = {046402},
	Title = {Fast-electron transport and heating of solid targets in high-intensity laser interactions measured by $K\e nsuremath{\alpha}$ fluorescence},
	Volume = {73},
	Year = {2006}
	}

@article{PRL_Haines_1981,
	Author = {Haines, M. G.},
	Doi = {10.1103/PhysRevLett.47.917},
	Issue = {13},
	Journal = {Phys. Rev. Lett.},
	Month = {Sep},
	Numpages = {0},
	Pages = {917--920},
	Title = {Thermal Instability and Magnetic Field Generated by Large Heat Flow in a Plasma, Especially under Laser-Fusion Conditions},
	Volume = {47},
	Year = {1981},
	Bdsk-Url-1 = {http://dx.doi.org/10.1103/PhysRevLett.47.917}}

@article{PRL_Haines_1978,
	Author = {Haines, M. G.},
	Doi = {10.1103/PhysRevLett.78.254},
	Issue = {2},
	Journal = {Phys. Rev. Lett.},
	Month = {Jan},
	Numpages = {0},
	Pages = {254--257},
	Title = {Saturation Mechanisms for the Generated Magnetic Field in Nonuniform Laser-Matter Irradiation},
	Volume = {78},
	Year = {1997},
	Bdsk-Url-1 = {http://dx.doi.org/10.1103/PhysRevLett.78.254}}

@article{PRL_Brunel_1987,
	Author = {Brunel, F.},
	Doi = {10.1103/PhysRevLett.59.52},
	Issue = {1},
	Journal = {Phys. Rev. Lett.},
	Month = {Jul},
	Numpages = {0},
	Pages = {52--55},
	Title = {Not-so-resonant, resonant absorption},
	Volume = {59},
	Year = {1987},
	Bdsk-Url-1 = {http://dx.doi.org/10.1103/PhysRevLett.59.52}}

@article{PRL_Haines_2009,
	Author = {Haines, M. G. and Wei, M. S. and Beg, F. N. and Stephens, R. B.},
	Doi = {10.1103/PhysRevLett.102.045008},
	Issue = {4},
	Journal = {Phys. Rev. Lett.},
	Month = {Jan},
	Numpages = {4},
	Pages = {045008},
	Title = {Hot-Electron Temperature and Laser-Light Absorption in Fast Ignition},
	Volume = {102},
	Year = {2009},
	Bdsk-Url-1 = {http://dx.doi.org/10.1103/PhysRevLett.102.045008}}

@article{POP_Chen_2009,
	Author = {Chen, Hui and Wilks, S. C. and Kruer, W. L. and Patel, P. K. and Shepherd, R.},
	Doi = {http://dx.doi.org/10.1063/1.3080197},
	Eid = 020705,
	Journal = {Physics of Plasmas},
	Number = {2},
	Title = {Hot electron energy distributions from ultraintense laser solid interactions},
	Volume = {16},
	Year = {2009},
	Bdsk-Url-1 = {http://dx.doi.org/10.1063/1.3080197}}

@article{PRL_Chen_2015,
	Author = {Chen, Hui and Fiuza, F. and Link, A. and Hazi, A. and Hill, M. and Hoarty, D. and James, S. and Kerr, S. and Meyerhofer, D. D. and Myatt, J.
	and Park, J. and Sentoku, Y. and Williams, G. J.},
	Doi = {10.1103/PhysRevLett.114.215001},
	Issue = {21},
	Journal = {Phys. Rev. Lett.},
	Month = {May},
	Numpages = {5},
	Pages = {215001},
	Title = {Scaling the Yield of Laser-Driven Electron-Positron Jets to Laboratory Astrophysical Applications},
	Volume = {114},
	Year = {2015},
	Bdsk-Url-1 = {http://dx.doi.org/10.1103/PhysRevLett.114.215001}}

@article{PRL_Mancic_2010,
	Author = {Man\ifmmode \check{c}\else \v{c}\fi{}i\ifmmode \acute{c}\else \'{c}\fi{}, A. and L\'evy, A. and Harmand, M. and Nakatsutsumi, M. and Antici, P. and Audebert, P. and Combis, P. and Fourmaux, S. and Mazevet, S. and Peyrusse, O. and Recoules, V. and Renaudin, P. and Robiche, J. and Dorchies, F. and Fuchs, J.},
	Doi = {10.1103/PhysRevLett.104.035002},
	Issue = {3},
	Journal = {Phys. Rev. Lett.},
	Month = {Jan},
	Numpages = {4},
	Pages = {035002},
	Publisher = {American Physical Society},
	Title = {Picosecond Short-Range Disordering in Isochorically Heated Aluminum at Solid Density},
	Volume = {104},
	Year = {2010},
	Bdsk-Url-1 = {http://dx.doi.org/10.1103/PhysRevLett.104.035002}}

@article{PRL_Antici_2008,
	Author = {Antici, P. and Fuchs, J. and Borghesi, M. and Gremillet, L. and Grismayer, T. and Sentoku, Y. and d'Humi\`eres, E. and Cecchetti, C. A. and Man\ifmmode \check{c}\else \v{c}\fi{}i\ifmmode \acute{c}\else \'{c}\fi{}, A. and Pipahl, A. C. and Toncian, T. and Willi, O. and Mora, P. and Audebert, P.},
	Doi = {10.1103/PhysRevLett.101.105004},
	Issue = {10},
	Journal = {Phys. Rev. Lett.},
	Month = {Sep},
	Numpages = {4},
	Pages = {105004},
	Title = {Hot and Cold Electron Dynamics Following High-Intensity Laser Matter Interaction},
	Volume = {101},
	Year = {2008},
	Bdsk-Url-1 = {http://dx.doi.org/10.1103/PhysRevLett.101.105004}}

@article{PRL_Wilks_1992,
	Author = {Wilks, S.~C. and Kruer, W.~L.},
	Journal = prl,
	Month = {March},
	Number = {9},
	Pages = {1383-1386},
	Title = {Absorbtion of Ultra-Intense laser Pulses},
	Volume = {69},
	Year = {1992}}

@article{POP_Wilks_2001,
	Author = {Wilks, S. C. and Langdon, A. B. and Cowan, T. E. and Roth, M. and Singh, M. and Hatchett, S. and Key, M. H. and Pennington, D. and MacKinnon, A. and Snavely, R. A.},
	Doi = {http://dx.doi.org/10.1063/1.1333697},
	Journal = {Phys. Plasmas},
	Number = {2},
	Pages = {542-549},
	Title = {Energetic proton generation in ultra-intense laser solid interactions},
	Volume = {8},
	Year = {2001},
	Bdsk-Url-1 = {http://dx.doi.org/10.1063/1.1333697}}

@article{APJ_Michno_2010,
	Author = {Michno, M. J. and R. Schlickeiser, R.},
	Journal = {Astrophys J.},
	Number = {1},
	Pages = {868-880},
	Title = {On the magnetization of cosmic outflows: plasmas modes and instabilities of unmagnetized plasma beams},
	Volume = {714},
	Year = {2010}}

@article{POP_Cottrill_2008,
	Author = {L. A. Cottrill and A. B. Langdon and B. F. Lasinski and S. M. Lund and K. Molvig and M. Tabak and R. P. J. Town and E. A. Williams},
	Journal = {Phys. Plasmas},
	Pages = {082108},
	Title = {Kinetic and collisional effects on the linear evolution of fast ignition relevant beam instabilities},
	Volume = {15},
	Year = {2008}}

@article{POP_Kugland_2013,
	Author = {N. L. Kugland and D. D. Ryutov and P-Y. Chang and R. P. Drake and G. Fiskel and D. H. Froula and S. H. Glenzer},
	Journal = {Phys. Plasmas},
	Pages = {056313},
	Title = {Visualizing electromagnetic fields in laser-produced counter-streaming plasma experiments for collisionless shock laboratory astrophysics},
	Volume = {20},
	Year = {2013}}
	
@article{PRL_Gode_2017,
  title = {Relativistic Electron Streaming Instabilities Modulate Proton Beams Accelerated in Laser-Plasma Interactions},
  author = {G\"ode, S. and R\"odel, C. and Zeil, K. and Mishra, R. and Gauthier, M. and Brack, F.-E. and Kluge, T. and MacDonald, M. J. and Metzkes, J. and Obst, L. and Rehwald, M. and Ruyer, C. and Schlenvoigt, H.-P. and Schumaker, W. and Sommer, P. and Cowan, T. E. and Schramm, U. and Glenzer, S. and Fiuza, F.},
  journal = {Phys. Rev. Lett.},
  volume = {118},
  issue = {19},
  pages = {194801},
  numpages = {5},
  year = {2017},
  month = {May},
  doi = {10.1103/PhysRevLett.118.194801}
}
  	
@article{NJP_Scott_2017,
  author={G G Scott and C M Brenner and V Bagnoud and R J Clarke and B Gonzalez-Izquierdo and J S Green and R I Heathcote and H W Powell
  and D R Rusby and B Zielbauer and P McKenna and D Neely},
  title={Diagnosis of Weibel instability evolution in the rear surface density scale lengths of laser solid interactions via proton acceleration},
  journal={New J. Phys.},
  volume={19},
  number={4},
  pages={043010},
  year={2017}
}
	
@article{POP_Hellinger_2013,
	Author = {P. Hellinger and T. Passot and P. L. Sulem and P. Tr\'avn\'i{\v{c}}ek},
	Journal = {Phys. Plasmas},
	Pages = {122306},
	Title = {Quasi-linear heating and acceleration in bi-{Maxwellian} plasmas},
	Volume = {20},
	Year = {2013}}

@article{POP_Shvets_2009,
	Author = {G. Shvets and O. Polomarov and V. Khudik and C. Siemon},
	Journal = {Phys. Plasmas},
	Pages = {056303},
	Title = {Nonlinear evolution of the {Weibel} instability of relativistic electron beams},
	Volume = {16},
	Year = {2009}}

@article{PPR_Sadovskii_2001,
	Author = {A. M. Sadovski{\u{i}} and A. A. Galeev},
	Journal = ppr,
	Number = {6},
	Pages = {490-496},
	Title = {Quasilinear Theory of the Ion {Weibel} Instability in the Earth's Magnetoshperic Tail},
	Volume = {27},
	Year = {2001}}

@article{PRL_Lee_1973,
	Author = {{Lee}, R. and {Lampe}, M.},
	Doi = {10.1103/PhysRevLett.31.1390},
	Journal = {Phys. Rev. Lett.},
	Month = dec,
	Pages = {1390-1393},
	Title = {{Electromagnetic Instabilities, Filamentation, and Focusing of Relativistic Electron Beams}},
	Volume = 31,
	Year = 1973,
	Bdsk-Url-1 = {http://dx.doi.org/10.1103/PhysRevLett.31.1390}}

@article{AG_Pokhotelov_2011,
	Author = {O. A. Pokhotelov and O. A. Amariutei},
	Doi = {10.5194/angeo-29-1997-2011},
	Journal = {Ann. Geophys.},
	Pages = {1997-2001},
	Title = {Quasi-linear dynamics of the {Weibel} instability},
	Volume = {29},
	Year = {2011},
	Bdsk-Url-1 = {http://dx.doi.org/10.5194/angeo-29-1997-2011}}

@article{POF_Davidson_1972,
	Author = {R. C. Davidson and D. A. Hammer and I. Haber and C. E. Wagner},
	Journal = pof,
	Number = {2},
	Pages = {317},
	Title = {Nonlinear Development of Electromagnetic Instabilities in Anisotropic Plasmas},
	Volume = {15},
	Year = {1972}}

@incollection{Davidson_1984,
	Address = {Amsterdam},
	Author = {R. C. Davidson},
	Booktitle = {Handbook of plasma physics},
	Editor = {M. N. Rosenbluth and R. Z. Galeev},
	Pages = {729},
	Publisher = {North-Holland},
	Title = {Relativistic electron beam-plasma interaction with intense self fields},
	Volume = {2},
	Year = {1984}}

@article{POF_Manheimer_1982,
	Author = {W. M. Manheimer and D. G. Colombant and J. H. Gardner},
	Journal = pof,
	Number = {9},
	Pages = {1644},
	Title = {Steadystate planar ablative flow},
	Volume = {25},
	Year = {1982}}

@article{POF_Davidson_1971,
	Author = {R. C. Davidson and D. A. Hammer},
	Journal = pof,
	Number = {7},
	Pages = {1452},
	Title = {Energy Constants Associated with Nonlinear Theory of Electromagnetic Instabilities},
	Volume = {14},
	Year = {1971}}

@article{POP_Bauer_2007,
	Author = {Bauer, D. and Mulser, P.},
	Doi = {http://dx.doi.org/10.1063/1.2435326},
	Journal = {Physics of Plasmas},
	Number = {2},
	Title = {Vacuum heating versus skin layer absorption of intense femtosecond laser pulses},
	Volume = {14},
	Year = {2007},
	Bdsk-Url-1 = {http://dx.doi.org/10.1063/1.2435326}}

@article{PRL_Mulser_2008,
	Author = {Mulser, P. and Bauer, D. and Ruhl, H.},
	Doi = {10.1103/PhysRevLett.101.225002},
	Issue = {22},
	Journal = {Phys. Rev. Lett.},
	Month = {Nov},
	Numpages = {4},
	Pages = {225002},
	Title = {Collisionless Laser-Energy Conversion by Anharmonic Resonance},
	Volume = {101},
	Year = {2008},
	Bdsk-Url-1 = {http://dx.doi.org/10.1103/PhysRevLett.101.225002}}

@article{PRE_Sanz_2012,
	Author = {Sanz, J. and Debayle, A. and Mima, K.},
	Doi = {10.1103/PhysRevE.85.046411},
	Issue = {4},
	Journal = {Phys. Rev. E},
	Month = {Apr},
	Numpages = {7},
	Pages = {046411},
	Title = {Model for ultraintense laser-plasma interaction at normal incidence},
	Volume = {85},
	Year = {2012},
	Bdsk-Url-1 = {http://dx.doi.org/10.1103/PhysRevE.85.046411}}

@article{PRL_Robinson_2013,
	Author = {Robinson, A. P. L. and Arefiev, A. V. and Neely, D.},
	Doi = {10.1103/PhysRevLett.111.065002},
	Issue = {6},
	Journal = {Phys. Rev. Lett.},
	Month = {Aug},
	Numpages = {5},
	Pages = {065002},
	Title = {Generating ``Superponderomotive'' Electrons due to a Non-Wake-Field Interaction between a Laser Pulse and a Longitudinal Electric Field},
	Volume = {111},
	Year = {2013},
	Bdsk-Url-1 = {http://dx.doi.org/10.1103/PhysRevLett.111.065002}}

@article{POP_Bulanov_2015,
	Author = {Bulanov, S. V. and Yogo, A. and Esirkepov, T. Zh. and Koga, J. K. and Bulanov, S. S. and Kondo, K. and Kando, M.},
	Doi = {http://dx.doi.org/10.1063/1.4922679},
	Eid = 063108,
	Journal = {Physics of Plasmas},
	Number = {6},
	Title = {Stochastic regimes in the driven oscillator with a step-like nonlinearity},
	Volume = {22},
	Year = {2015},
	Bdsk-Url-1 = {http://dx.doi.org/10.1063/1.4922679}}

@phdthesis{phd-Drouin,
	Author = {M. Drouin},
	School = {\'Ecole normale sup\'erieure de Cachan},
	Title = {Vers la simulation particulaire r\'ealiste de l'interaction laser-plasma surcritique : conception d'un sch\'ema implicite avec amortissement ajustable et fonctions de forme d'ordre \'elev\'e.},
	Year = {2009}}

@phdthesis{phd-Albertazzi,
	Author = {B. Albertazzi},
	School = {\'Ecole Polytechnique},
	Title = {Plasma lasers et Champs magn\'etiques},
	Url = {http://pastel.archives-ouvertes.fr/docs/01/00/18/81/PDF/These_final_ALbertazzi_Bruno_Ecole_polytechnique_last_version.pdf},
	Year = {2009},
	Bdsk-Url-1 = {http://pastel.archives-ouvertes.fr/docs/01/00/18/81/PDF/These_final_ALbertazzi_Bruno_Ecole_polytechnique_last_version.pdf}}

@phdthesis{phd-Gremillet,
	Author = {L. Gremillet},
	School = {\'Ecole Polytechnique},
	Title = {\'Etude th\'eorique et exp\'erimentale du transport des \'electrons rapides dans l'interaction laser-solide \`a tr\`es haut flux},
	Year = {2001}}

@article{RPP_Drury_1983,
	Author = {{Drury}, L.~O.},
	Journal = {Rep. Prog. Phys.},
	Month = aug,
	Pages = {973-1027},
	Title = {An introduction to the theory of diffusive shock acceleration of energetic particles in tenuous plasmas},
	Volume = 46,
	Year = 1983}

@article{JPP_Montgomery_69,
	Author = {D. Montgomery and G. Joyce},
	Doi = {10.1017/S0022377800004141},
	Issn = {1469-7807},
	Issue = {01},
	Journal = {J. Plasma Phys.},
	Month = {2},
	Numpages = {11},
	Pages = {1--11},
	Title = {Shock-like solutions of the electrostatic Vlasov equation},
	Url = {http://journals.cambridge.org/article_S0022377800004141},
	Volume = {3},
	Year = {1969},
	Bdsk-Url-1 = {http://journals.cambridge.org/article_S0022377800004141},
	Bdsk-Url-2 = {http://dx.doi.org/10.1017/S0022377800004141}}

@article{PP_Moiseev_1963,
	Author = {S. S. Moiseev and R. Z. Sagdeev},
	Journal = {Plasmas Phys.},
	Pages = {43-47},
	Title = {Collisionless shock waves in a plasma in a weak magnetic field},
	Volume = 5,
	Year = 1963}

@article{PPR_kutznetov_2001,
	Author = {A.V. Kutznetov and T.Zh. Esirkepov and F.F. Kamenets and S.V. Bulanov},
	Journal = {Plasma Phys. Rep.},
	Number = {3},
	Pages = {225-234},
	Title = {Efficiency of Ion Acceleration by a Relativistically Strong Laser Pulse in an Underdense Plasma},
	Volume = {25},
	Year = {2001}}

@article{PRL_Nakamura_2010,
	Author = {T. Nakamura and S. Bulanov and T.Zh. Esirkepov and M.Kando},
	Journal = prl,
	Pages = {135002},
	Title = {High-Energy Ions from Near-Critical Density Plasmas via Magnetic Vortex Acceleration},
	Volume = {105},
	Year = {2010}}

@article{PPR_Kutznetov_2005,
	Author = {S.V. Bulanov and D.V. Dylov and T.Zh. Esirkepov and F.F. Kamenets and D.V. Sokolov},
	Journal = {Plasma Phys. Rep.},
	Number = {5},
	Pages = {409-421},
	Title = {Ion Acceleration in a Dipole Vortex in a Laser Plasma Corona},
	Volume = {31},
	Year = {2005}}

@article{NIM_Highland_1975,
title = "Some practical remarks on multiple scattering",
journal = "Nuclear Instruments and Methods",
volume = "129",
number = "2",
pages = "497 - 499",
year = "1975",
doi = "https://doi.org/10.1016/0029-554X(75)90743-0",
author = "Virgil L. Highland"
}

@article{EPJ_Groom_2000,
journal = "Eur. Phys. J. C",
volume = "15",
pages = "163",
year = "2000",
doi = "https://doi.org/10.1007/BF02683419",
author = "Groom, D. E. and Klein, S. R."
}

@article{PRL_McKenna_2011,
  title = {Effect of Lattice Structure on Energetic Electron Transport in Solids Irradiated by Ultraintense Laser Pulses},
  author = {McKenna, P. and Robinson, A. P. L. and Neely, D. and Desjarlais, M. P. and Carroll, D. C. and Quinn, M. N. and Yuan, X. H. and Brenner,
  C. M. and Burza, M. and Coury, M. and Gallegos, P. and Gray, R. J. and Lancaster, K. L. and Li, Y. T. and Lin, X. X. and Tresca, O. and Wahlstr\"om, C.-G.},
  journal = {Phys. Rev. Lett.},
  volume = {106},
  issue = {18},
  pages = {185004},
  numpages = {4},
  year = {2011},
  month = {May},
  doi = {10.1103/PhysRevLett.106.185004}
}

@article{PRL_MacLellan_2013,
  title = {Annular Fast Electron Transport in Silicon Arising from Low-Temperature Resistivity},
  author = {MacLellan, D. A. and Carroll, D. C. and Gray, R. J. and Booth, N. and Burza, M. and Desjarlais, M. P. and Du, F. and Gonzalez-Izquierdo, B.
  and Neely, D. and Powell, H. W. and Robinson, A. P. L. and Rusby, D. R. and Scott, G. G. and Yuan, X. H. and Wahlstr\"om, C.-G. and McKenna, P.},
  journal = {Phys. Rev. Lett.},
  volume = {111},
  issue = {9},
  pages = {095001},
  numpages = {5},
  year = {2013},
  month = {Aug},
  doi = {10.1103/PhysRevLett.111.095001}
}

@article{CPC_Esirkepov_2001,
	Author = {{Esirkepov}, T.~Z.},
	Journal = {Comp. Phys. Comm.},
	Pages = {144-153},
	Title = {{Exact charge conservation scheme for Particle-in-Cell simulation with an arbitrary form-factor}},
	Volume = 135,
	Year = 2001}

@article{PPCF_Fiuza_2011,
	Author = {{Fiuza}, F. and {Marti}, M. and {Fonseca}, R.~A. and {Silva}, L.~O. and {Tonge}, J. and {May}, J. and {Mori}, W.~B.},
	Journal = {Plasma Phys. Control. Fusion},
	Month = jul,
	Number = 7,
	Pages = {074004},
	Title = {Efficient modeling of laser-plasma interactions in high energy density scenarios},
	Volume = 53,
	Year = 2011}

@article{PRL_Fiuza_2012,
	Author = {F. Fiuza and R.A. Fonseca and J. Tonge and W.B. Mori and L.O. Silva},
	Journal = prl,
	Month = {June},
	Number = {24},
	Pages = {235004},
	Title = {{Weibel}-Instability-Mediated Collisionless Shocks in the Laboratory with Ultraintense Lasers},
	Volume = {108},
	Year = {2012}}

@ARTICLE{PRL_Lobet_2015,
  author = {Lobet, M. and Ruyer, C. and Debayle, A. and d'Humi\`eres, E. and Grech, M. and Lemoine, M. and Gremillet, L.},
  title = "{Ultrafast Synchrotron-Enhanced Thermalization of Laser-Driven Colliding Pair Plasmas}",
  journal = {Phys. Rev. Lett.},
  volume = {115},
  issue = {21},
  pages = {215003},
  numpages = {5},
  year = {2015},
  month = {Nov},
  doi = {10.1103/PhysRevLett.115.215003}
}

@article{POF_Fried_Gould_1961,
	author = {B. D. Fried and W. Gould},
	journal = pofb,
	month = {July},
	number = 1,
	pages = {139-147},
	title = {Longitudinal Ion Oscillations in a Hot Plasma},
	volume = 4,
	year = {1961}}

@article{JNE_Fried_1960,
	Author = {B. D. Fried and M. Gell-Mann and J.~D. Jackson and H.~W. Wyld.},
	Journal = {J. Nuclear Energy: Part C},
	Pages = {190},
	Title = {Longitudinal Plasma Oscillation in an Electric Field},
	Volume = 1,
	Year = {1960}}

@article{JCP_Friedman_1990,
	Author = {A. Friedman},
	Journal = {J. Comp. Phys.},
	Number = {2},
	Pages = {292-312},
	Title = {A 2nd-order implicit particle mover with adjustable damping},
	Volume = {90},
	Year = {1990}}

@article{PRL_Allen_2012,
	Author = {B. Allen and V. Yakimenko and M. Babzuen and M. Fedurin and K. Kusche and P. Muggli},
	Journal = {Phys. Rev. Lett.},
	Pages = {185007},
	Title = {Experimental Study of Current Filamentation Instability},
	Volume = {109},
	Year = {2012}}

@article{PPCF_Takabe_2008,
	Author = {{Takabe}, H. and {Kato}, T.~N. and {Sakawa}, Y. and {Kuramitsu}, Y. and {Morita}, T. and {Kadono}, T. and {Shigemori}, K. and {Otani}, K. and {Nagatomo}, H. and {Norimatsu}, T. and {Dono}, S. and {Endo}, T. and {Miyanishi}, K. and {Kimura}, T. and {Shiroshita}, A. and {Ozaki}, N. and {Kodama}, R. and {Fujioka}, S. and {Nishimura}, H. and {Salzman}, D. and {Loupias}, B. and {Gregory}, C. and {Koenig}, M. and {Waugh}, J.~N. and {Woolsey}, N.~C. and {Kato}, D. and {Li}, Y.-T. and {Dong}, Q.-L. and {Wang}, S.-J. and {Zhang}, Y. and {Zhao}, J. and {Wang}, F.-L. and {Wei}, H.-G. and {Shi}, J.-R. and {Zhao}, G. and {Zhang}, J.-Y. and {Wen}, T.-S. and {Zhang}, W.-H. and {Hu}, X. and {Liu}, S.-Y. and {Ding}, Y.~K. and {Zhang}, L. and {Tang}, Y.-J. and {Zhang}, B.-H. and {Zheng}, Z.-J. and {Sheng}, Z.-M. and {Zhang}, J.},
	Doi = {10.1088/0741-3335/50/12/124057},
	Eid = {124057},
	Journal = {Plasma Phys. Control. Fus.},
	Month = dec,
	Number = 12,
	Pages = {124057},
	Title = {{High-Mach number collisionless shock and photo-ionized non-LTE plasma for laboratory astrophysics with intense lasers}},
	Volume = 50,
	Year = 2008,
	Bdsk-Url-1 = {http://dx.doi.org/10.1088/0741-3335/50/12/124057}}

@article{HEDP_Park_2012,
	Author = {H.-S. Park and D. D. Ryutov and J. S. Ross and N. L. Kugland and S. H. Glenzer and C. Plechaty and S. M. Pollaine and B. A. Remington and A. Spitkovsky and L. Gargate and G. Gregori and A. Bell and C. Murphy and Y. Sakawa and Y. Kuramitsu and T. Morita and H. Takabe and D. H. Froula and G. Fiksel and F. Miniati and M. Koenig and A. Ravasio and A. Pelka and E. Liang and N. Woolsey and C. C. Kuranz and R. P. Drake and M. J. Grosskopf},
	Journal = {High Energy Density Physics},
	Pages = {38-45},
	Title = {Studying astrophysical collisionless shocks with counter-streaming plasmas from high power lasers},
	Volume = {8},
	Year = {2012}}

@article{HEDP_Yuan_2013,
	Author = {D. W. Yuan and Y. T. Li and X. Liu and Y. Zhang and J. Y. Zhong and W. D. Zheng and Q. L. Dong and M. Chen and Y. Sakawa and T. Morita
	and Y. Kuramitsu and T. N. Kato and H. Takabe and Yong-Joo Rhee and J. Q. Zhao and J. Zhang},
	Journal = {High Energy Density Physics},
	Pages = {239-242},
	Title = {Shockwaves and filaments induced by counter-streaming laser-produced plasmas},
	Volume = {9},
	Year = {2013}}

@article{PPR_Sagdeev_66,
	author = {{Sagdeev}, R.~Z.},
	journal = {Reviews of Plasma Physics},
	title = {{Cooperative phenomena and shock waves in collisionless plasmas}},
	volume = 4,
	year = 1966},
	pages = {23}
}

@article{MNRAS_Reville_2012,
	Archiveprefix = {arXiv},
	Author = {{Reville}, B. and {Bell}, A.~R.},
	Doi = {10.1111/j.1365-2966.2011.19892.x},
	Eprint = {1109.5690},
	Journal = {Monthly Noticed of the Royal Society},
	Keywords = {acceleration of particles, magnetic fields, plasmas, cosmic rays},
	Month = jan,
	Pages = {2433-2440},
	Primaryclass = {astro-ph.HE},
	Title = {{A filamentation instability for streaming cosmic rays}},
	Volume = 419,
	Year = 2012,
	Bdsk-Url-1 = {http://dx.doi.org/10.1111/j.1365-2966.2011.19892.x}}

@article{PRL_Forslund_1970,
	author = {{Forslund}, D. W. and {Shonk}, C. R.},
	journal = {Phys. Rev. Lett.},
	title = {Numerical simulation of electrostatic counter-streaming instabilities in ion beams},
	number = {5},
	pages = {281},
	volume = {25},
	year = {1970}
}

@article{PRL_Jung_2005,
  title = {Study of Electron-Beam Propagation through Preionized Dense Foam Plasmas},
  author = {Jung, R. and Osterholz, J. and L\"owenbr\"uck, K. and Kiselev, S. and Pretzler, G. and Pukhov, A. and Willi, O. and Kar, S. and Borghesi, M.
  and Nazarov, W. and Karsch, S. and Clarke, R. and Neely, D.},
  journal = {Phys. Rev. Lett.},
  volume = {94},
  issue = {19},
  pages = {195001},
  numpages = {4},
  year = {2005},
  month = {May},
  doi = {10.1103/PhysRevLett.94.195001}}
  
@article{PNAS_Mondal_2012,
  title={Direct observation of turbulent magnetic fields in hot, dense laser produced plasmas},
  author={Mondal, Sudipta and Narayanan, V and Ding, Wen Jun and Lad, Amit D and Hao, Biao and Ahmad, Saima and Wang, Wei Min and Sheng, Zheng Ming and Sengupta, Sudip and Kaw, Predhiman and others},
  journal={Proceedings of the National Academy of Sciences},
  volume={109},
  number={21},
  pages={8011--8015},
  year={2012},
  publisher={National Acad Sciences}}

@article{PRL_Ceccotti_2013,
	Author = {T. Ceccotti and V. Floquet and A. Sgattoni and A. Bigongiari and O. Klimo and M. Raynaud and C. Riconda and A. Heron and F. Baffigi and L. Labate and L. A. Gizzi and L. Vassura and J. Fuchs and M. Passoni and M. Kv\ifmmode \check{e}\else \v{e}\fi{}ton and F. Novotny and M. Possolt and J. Prok\ifmmode \mathring{u}\else \r{u}\fi{}pek and J. Pro\ifmmode \check{s}\else \v{s}\fi{}ka and J. P\ifmmode \check{s}\else \v{s}\fi{}ikal and L. \ifmmode \check{S}\else \v{S}\fi{}tolcov\'a and A. Velyhan and M. Bougeard and P. D'Oliveira and O. Tcherbakoff and F. R\'eau and P. Martin and A. Macchi},
	Doi = {10.1103/PhysRevLett.111.185001},
	Issue = {18},
	Journal = {Phys. Rev. Lett.},
	Month = {Oct},
	Numpages = {5},
	Pages = {185001},
	Title = {Evidence of Resonant Surface-Wave Excitation in the Relativistic Regime through Measurements of Proton Acceleration from Grating Targets},
	Volume = {111},
	Year = {2013},
	Bdsk-Url-1 = {http://dx.doi.org/10.1103/PhysRevLett.111.185001}}

@article{Nature_Kugland,
	Author = {N. L. Kugland and D. D. Ryutov and P-Y. Chang and R. P. Drake and G. Fiskel and D. H. Froula and S. H. Glenzer},
	Journal = {Nature Physics},
	Pages = {809},
	Title = {Self-organized electromagnetic field structures in laser-produced counter-streaming plasmas},
	Volume = {8},
	Year = {2012}}

@article{PS_Dieckmann_2004,
	Author = {M. E. Dieckmann and A. Ynnerman ans S. C. Chapman and G. Rowlands and N. Andersson},
	Journal = {Physica Scripta},
	Pages = {456-460},
	Title = {Simulating Thermal Noise},
	Volume = {69},
	Year = {2004}}

@article{PRL_Sarri_2013,
	Author = {G. Sarri and W. Schumaker and A. Di Piazza and M. Vargas and B. Dromey and M. E. Dieckmann and V. Chvykov and A. Maksimchuk and V. Yanovsky and Z. H. He and B. X. Hou and J. A. Nees and A. G. R. Thomas and C. H. Keitel and M. Zepf and K. Krushelnick},
	Journal = {Phys. Rev. Lett.},
	Pages = {255002},
	Title = {Table-Top Laser-Based Source of Femtosecond, Collimated, Ultrarelativistic Positron Beams},
	Volume = {110},
	Year = {2013}}

@article{JETP_Fainberg_1970,
	Author = {Y. B. Fainberg and V. D. Shapiro and V. Shevchenko},
	Journal = {Sov. Phys. JETP},
	Pages = {528},
	Title = {Nonliear theory of interaction between a monochromatic beam of relativistic electrons and a plasma},
	Volume = {30},
	Year = {1970}}

@article{JCP_Godfrey_1975,
	Author = {B. B. Godfrey},
	Journal = {J. Comp. Phys.},
	Number = {1},
	Pages = {58-76},
	Title = {Canonical momenta and numerical instabilities in particle codes},
	Volume = {19},
	Year = {1975}}

@article{JCP_Godfrey_1974,
	Author = {B. B. Godfrey},
	Journal = {J. Comp. Phys.},
	Number = {4},
	Pages = {504-521},
	Title = {Numerical {Cerenkov} instabilities in electromagnetic particle codes},
	Volume = {15},
	Year = {1974}}

@article{JCP_Greenwood_2004,
	Author = {A. D. Greenwood and K. L. Cartwright and J.W. Luginsland and E. A. Baca},
	Journal = {J. Comp. Phys.},
	Number = {2},
	Pages = {665-684},
	Title = {On the elimination of numerical {Cerenkov} radiation in {PIC} simulations},
	Volume = {20},
	Year = {2004}}

@article{Gremillet_2007,
	Author = {L. Gremillet and D. B\'enisti and E. Lefebvre},
	Journal = {Phys. Plasmas},
	Pages = {040704},
	Title = {Linear and nonlinear development of oblique beam-plasma instabilities in the relativistic kinetic regime},
	Volume = {14},
	Year = {2007}}

@article{POP_Simoes_2013,
	Author = {F. J. R. Sim\~{o}es Jr and J. Pavan and R. Gaelzer and L. F. Ziebell and P. H. Yoon},
	Journal = {Phys. Plasmas},
	Pages = {100702},
	Title = {Particle-in-cell simulations on spontaneous thermal magnetic field fluctuations},
	Volume = {20},
	Year = {2013}}

@article{POP_Hao_2012,
	Author = {B. Hao and W. J. Ding and Z. M; Sheng and C. Ren and X. Kong and J. Mu and J. Zhang},
	Journal = {Phys. Plasmas},
	Pages = {072709},
	Title = {Collisional effects on the oblique instability in relativistic beam-plasma interactions},
	Volume = {12},
	Year = {2012}}

@article{NF_Honrubia_2006,
	Author = {J. J. Honrubia and Y. {Meyer-ter-Vehn}},
	Journal = {Nucl. Fusion},
	Pages = {L25--L28},
	Title = {Three-dimensional fast electrons for ignition-scale inertial fusion},
	Volume = {46},
	Year = {2006}}

@book{Ichimaru_1973,
	Address = {Reading, MA},
	Author = {S. Ichimaru},
	Publisher = {Benjamin},
	Title = {Basic Principles of Plasma Physics},
	Year = {1973}}

@book{Hasegawa_1975,
	Author = {Hasegawa, Akira},
	Publisher = {Springer Science \& Business Media},
	Title = {Plasma instabilities and nonlinear effects},
	Volume = {8},
	Year = {2012}}

@inbook{Ichimaru_fluctuations,
	Address = {Tokyo},
	Author = {S. Ichimaru},
	Chapter = {7},
	Pages = {229-292},
	Publisher = {Addison-Wesley},
	Title = {Statistical Plasma Physics. {Volume I}: Basic Principles},
	Year = 1992}

@inbook{Jackson_1975,
	Address = {New York},
	Author = {J. D. Jackson},
	Pages = {641--643},
	Publisher = {John Wiley {\&} Sons},
	Title = {Classical Electrodynamics},
	Year = {1975}}

@article{SSR_Jones_1991,
	Author = {{Jones}, F.~C. and {Ellison}, D.~C.},
	Journal = {Space Sci. Rev.},
	Month = dec,
	Pages = {259-346},
	Title = {The plasma physics of shock acceleration},
	Volume = 58,
	Year = 1991}

@article{APJ_Kato_2008,
	Author = {T. N. Kato and H. Takabe},
	Journal = {Astrophys. J. Lett.},
	Number = {2},
	Pages = {L93-L96},
	Title = {Nonrelativistic collisionless shocks in unmagnetized electron-ion plasmas},
	Volume = {681},
	Year = {2008}}

@article{APJ_Kato_2010,
	Author = {T. N. Kato and H. Takabe},
	Journal = {Astrophys. J. Lett.},
	Number = {1},
	Pages = {828-842},
	Title = {Nonrelativistic collisionless shocks in weakly magnetized electron-ion plasmas: two-dimensional particle-in-cell simulation of perpendicular shock},
	Volume = {721},
	Year = {2010}}

@article{APJ_Keshet_2009,
	Author = {U. Keshet and B. Katz and A. Spitkovsky and E. Waxman},
	Journal = {Astrophys. J. Lett.},
	Number = {2},
	Pages = {L127-L130},
	Title = {Magnetic field evolution in relativistic unmagnetized collisionless shocks},
	Volume = {693},
	Year = {2009}}

@book{Klimontovich_1982,
	Author = {{Klimontovich}, Yu.~L.},
	Publisher = {Pergamon Press},
	Title = {{Kinetic Theory of Nonideal Gases \& Nonideal Plasmas}},
	Year = 1982}

@inbook{Krall,
	Address = {New York},
	Author = {N. A. Krall and A. W. Trivelpiece},
	Chapter = {11},
	Pages = {557-571},
	Publisher = {McGraw-Hill Book Company},
	Title = {Principles of Plasma Physics},
	Year = 1973}

@article{PRL_Kuramitsu_2011,
	Author = {Y. Kuramitsu and Y. Sakawa and T. Morita and C. D. Gregory and J. N. Waugh and S. Dono and H. Aoki and H. Tanji and M. Koenig and N. Woolsey and H. Takabe},
	Journal = {Phys. Rev. Lett.},
	Number = {17},
	Pages = {175002},
	Title = {Time evolution of collisionless shock in counter-streaming laser-produced plasmas},
	Volume = {106},
	Year = {2011}}

@article{Langdon_1979,
	Author = {A. Bruce Langdon},
	Journal = {Phys. Fluids},
	Number = {1},
	Pages = {163-171},
	Title = {Kinetic theory for fluctuations and noise in computer simulation of plasma},
	Volume = {22},
	Year = {1979}}

@article{POP_Laing_2006,
	Author = {E. W. Laing and D. A. Diver},
	Journal = {Phys. Plasmas},
	Pages = 092115,
	Title = {Relativistic {Landau} damping of longitudinal waves in isotropic pair plasmas},
	Volume = 13,
	Year = 2006}



@article{POP_Nuter_2011,
author = {Nuter,R.  and Gremillet,L.  and Lefebvre,E.  and Lévy,A.  and Ceccotti,T.  and Martin,P. },
title = {Field ionization model implemented in Particle In Cell code and applied to laser-accelerated carbon ions},
journal = {Physics of Plasmas},
volume = {18},
number = {3},
pages = {033107},
year = {2011},
doi = {10.1063/1.3559494}
}


@article{NF_Lefebvre_2003,
	Author = {E. Lefebvre and N. Cochet and S. Frizler and V. Malka and M.-M. Al\'eonard and J.-F. Chemin and S. Darbon and L. Disdier and J. Faure and A. Fedotoff and O. Landoas and G. Malka and V. M\'eot and P. Morel and M. {Rabec Le Goahec} and A. Rouyer and C. Rubbelynck and V. Tikhonchuk and R. Wrobel and P. Audebert and C. Rousseaux},
	Journal = {Nucl. Fusion},
	Pages = {629--633},
	Title = {Electron and photon production from relativistic laser-plasma interactions},
	Volume = {43},
	Year = {2003}}

@article{MNRAS_Lemoine_2011a,
	Author = {M. Lemoine and G. Pelletier},
	Journal = {Mon. Not. R. Astron. Soc.},
	Pages = {L64-L68},
	Title = {Gamma-ray bursts afterglows in magnetized stellar winds},
	Volume = {418},
	Year = {2011}}

@article{POF_Blandford_1976,
	Author = {Blandford, R.~D. and {McKee}, C.~F.},
	Journal = {Phys. Fluids},
	Number = {8},
	Pages = {1130},
	Title = {Collective electromagnetic modes for beam-plasma interaction in the whole k space},
	Volume = {19},
	Year = {1976}
}
	
@article{PRSTAB_Lehe_2013,
  author = {Lehe, R. and Lifschitz, A. and Thaury, C. and Malka, V. and Davoine, X.},
  title = {Numerical growth of emittance in simulations of laser-wakefield acceleration},
  journal = {Phys. Rev. ST Accel. Beams},
  volume = {16},
  issue = {2},
  pages = {021301},
  numpages = {8},
  year = {2013},
  month = {Feb},
  doi = {10.1103/PhysRevSTAB.16.021301}
}
	

@article{CPC_Lehe_2016,
  author = {Lehe, R. and Kirchen, M. and Andriyash, I. A. and Godfrey, B. D. and Vay, J.-L.},
  title = "{A spectral, quasi-cylindrical and dispersion-free Particle-In-Cell algorithm}",
  journal = {Comp. Phys. Comm.},
  volume = {203},
  number = "Supplement C",
  pages = {66-82},
  year = {2016},
  doi = {10.1016/j.cpc.2016.02.007}
}


@ARTICLE{JCP_Vay_2011,
   author = {{Vay}, J.-L. and {Geddes}, C.~G.~R. and {Cormier-Michel}, E. and {Grote}, D.~P.},
  title = "{Numerical methods for instability mitigation in the modeling of laser wakefield accelerators in a Lorentz-boosted frame}",
  journal = {J. Comp. Phys.},
  year = 2011,
  month = jul,
  volume = 230,
  pages = {5908-5929},
  doi = {10.1016/j.jcp.2011.04.003}
}

@article{APJ_Lemoine_2006,
	Author = {{Lemoine}, M. and {Pelletier}, G. and {Revenu}, B.},
	Doi = {10.1086/506322},
	Journal = {Astrophys. J. Lett.},
	Month = jul,
	Pages = {L129-L132},
	Title = {{On the efficiency of fermi acceleration at relativistic shocks}},
	Volume = 645,
	Year = 2006,
	Bdsk-Url-1 = {http://dx.doi.org/10.1086/506322}}

@article{MNRAS_Lemoine_2011b,
	Author = {M. Lemoine and G. Pelletier},
	Journal = {Mon. Not. R. Astron. Soc.},
	Pages = {1148-1161},
	Title = {Dispersion and thermal effects on electromagnetic instabilities in precursor of relativistic shocks},
	Volume = {417},
	Year = {2011}}

@article{MNRAS_Lemoine_2013,
	Author = {M. Lemoine},
	Journal = {Mon. Not. R. Astron. Soc.},
	Pages = {846-866},
	Title = {Synchrotron signature of a relativistic blast wave with decaying microturbulence},
	Volume = {428},
	Year = {2013}}

@article{POF_Lerche_1968,
	Author = {{Lerche}, I.},
	Doi = {10.1063/1.1691918},
	Journal = {Phys. Fluids},
	Month = feb,
	Pages = {413-422},
	Title = {{Supra-luminous waves and the power spectrum of an isotropic, homogeneous plasma}},
	Volume = 11,
	Year = 1968,
	Bdsk-Url-1 = {http://dx.doi.org/10.1063/1.1691918}}

@article{POF_Lerche_1968b,
	Author = {{Lerche}, I.},
	Journal = {Phys. Fluids},
	Month = nov,
	Pages = {2459-2471},
	Title = {{Enhanced bremsstrahlung from supraluminous, and subluminous, waves in an isotropic, homogeneous plasma}},
	Volume = 11,
	Year = 1968}

@article{PP_Lerche_1969,
	Author = {I. Lerche},
	Journal = {Plasma Phys.},
	Pages = 849,
	Title = {Landau poles, branch cuts and supra-luminous waves in a one-dimensional plasma},
	Volume = {11},
	Year = {1969}}

@article{POF_Lerche_1969b,
	Author = {{Lerche}, I.},
	Doi = {10.1063/1.1692772},
	Journal = {Phys. Fluids},
	Month = sep,
	Pages = {1959},
	Title = {{Reply to the Comments by Kulsrud, Oberman, Dawson, and Rosenbluth}},
	Volume = 12,
	Year = 1969,
	Bdsk-Url-1 = {http://dx.doi.org/10.1063/1.1692772}}

@article{POF_Lerche_1969c,
	Author = {{Lerche}, I.},
	Doi = {10.1063/1.1692770},
	Journal = {Phys. Fluids},
	Month = sep,
	Pages = {1955-1956},
	Title = {{Reply to Comments by Norman Rostoker}},
	Volume = 12,
	Year = 1969,
	Bdsk-Url-1 = {http://dx.doi.org/10.1063/1.1692770}}

@article{MNRAS_Bell1978a,
	Author = {{Bell}, A.~R.},
	Journal = {Mon. Not. R. Astron. Soc},
	Month = jan,
	Pages = {147},
	Title = {{The acceleration of cosmic rays in shock fronts. I}},
	Volume = 182,
	Year = 1978}

@article{MNRAS_Bell1978b,
	Author = {{Bell}, A.~R.},
	Journal = {Mon. Not. R. Astron. Soc},
	Month = feb,
	Pages = {443},
	Title = {{The acceleration of cosmic rays in shock fronts. II}},
	Volume = 182,
	Year = 1978}

@article{ICRC_Axford_1977,
	Author = {W. I. Axford and E. Leer and G. Skadron},
	Journal = {International Cosmic Ray Conference},
	Month = feb,
	Pages = {132},
	Title = {{The acceleration of cosmic rays by shock waves}},
	Volume = 11,
	Year = 1977}

@article{APJ_Blandford_78,
	Author = {R. D. Blandford and J. P. Ostriker},
	Journal = apj,
	Pages = {L29-L32},
	Title = {{Particle acceleration by Astrophysical shocks}},
	Volume = 221,
	Year = 1978}

@article{POP_Lund_1995,
	Author = {E. J. Lund and R. A. Treumann and J. LaBelle},
	Journal = pop,
	Month = {September},
	Number = {4},
	Pages = {1234-1240},
	Title = {Quasi-thermal fluctuations in a beam-plasma system},
	Volume = {3},
	Year = {1995}}

@article{Treumann_2008,
	Author = {R. A. Treumann and C. H. Jaroschek},
	Eprint = {0806.4046},
	Journal = {arXiv},
	Title = {Fundamental of Non-relativistic Collisionless Shock Physics: V. Acceleration of Charged Particles},
	Year = {2008}}

@article{NP_Huntington_2015,
	Author = {Huntington, C. M. and Fiuza, F. and Ross, J. S. and Zylstra, A. B. and Drake, R. P. and Froula, D. H. and Gregori, G. and Kugland, N. L. and Kuranz, C. C. and Levy, M. C. and Li, C. K. and Meinecke, J. and Morita, T. and Petrasso, R. and Plechaty, C. and Remington, B. A. and Ryutov, D. D. and Sakawa, Y. and Spitkovsky, A. and Takabe, H. and Park, H. -S.},
	Isbn = {1745-2473},
	Journal = {Nat. Phys.},
	Month = {02},
	Number = {2},
	Pages = {173--176},
	Publisher = {Nature Publishing Group},
	Title = {Observation of magnetic field generation via the Weibel instability in interpenetrating plasma flows},
	Volume = {11},
	Year = {2015}}

@article{AAR_Bykov_2011,
	Author = {A. M. Bykov and R. A. Treumann},
	Journal = {Astron. Astrophys. Rev.},
	Pages = {19-42},
	Title = {Fundamentals of collisionless shocks for astrophysical application, 2. {Relativistic} shocks},
	Year = {2011}}

@article{NF_Robinson_2013,
	Author = {A. P. L. Robinson and D. J. Strozzi and J. R. Davies and L. Gremillet and J. J. Honrubia and T. Johzaki and R. J. Kingham and M. Sherlock and A. A. Solodov},
	Journal = {Nucl. Fusion},
	Number = {5},
	Pages = {054003},
	Title = {Theory of Fast Electron Transport for Fast Ignition},
	Volume = {54},
	Year = {2014}}

@article{Hegelich_2008,
	Author = {B.M. Hegelich and D. Jung and B. J. Albright and M. Cheung and B. Dromey and D. C. Gautier and C. Hamilton and S. Letzring and R. Munchhausen and S. Palaniyappan and R. Shah and H C. Wu and L. Yin and J. C. Fern\'andez},
	Eprint = {arXiv:1310.8650},
	Journal = {arXiv},
	Title = {160 {MeV} laser-acceleration protons from CH2 nano-targets for proton cancer therapy},
	Year = {2013}}

@article{APJ_Lyubarsky_2006,
	Author = {Y. Lyubarsky and D. Eichler},
	Journal = {Astrophys. J.},
	Number = {2},
	Pages = {1250},
	Title = {Are Gamma-Ray Burst Shocks Mediated by {Weibel} Instability ?},
	Volume = {647},
	Year = {2006}}

@article{APJ_Gialis_2005,
	Author = {D. Gialis and G. Pelletier},
	Journal = {Astrophys. J.},
	Pages = {868-876},
	Title = {High-Energy Emission and Cosmic Rays from Gamma-Ray Bursts},
	Voume = 627,
	Year = {2005}}

@article{APJ_Butler_2010,
	Author = {N. R. Butler and D. Kocevski and J. S. Bloom and J. L. Curtis},
	Journal = {Astrophys. J.},
	Pages = {657-677},
	Title = {A Complete Catalog of Swift Gamma Ray Burst Spectra and Durations: Demise of Physical Origin for pre-Swift High-Energy Correlations},
	Voume = 671,
	Year = {2007}}

@article{APJ_Atwood_2009,
	Author = {W. B. Atwood and A. A. Abdo and M. Ackermann and W. Althouse and B. Anderson And M. Axelsson and L. Baldini},
	Journal = {Astrophys. J.},
	Pages = {1071-1102},
	Title = {The large Area Telescope on the Fermi Gamma Ray Telescope Mission},
	Voume = 697,
	Year = {2009}}

@article{Abbasi_2003,
	Author = {{Abbasi}, R. U. and {Abu-Zayyad}, T. and {Amann}, J. F. and {Archbold}, G. and {Bellido}, J. A. and {Belov}, K. and {Belz}, J. W. and {Bergman}, D. R.},
	Journal = {arXiv},
	Title = {Measurment of the Flux of Ultrahigh Energy Cosmic Rays from Monocular Observations by High Resolution Fly's Eye Experiment},
	Year = {2003}}

@article{AA_Mcglyn_2008,
	Author = {{McGlyn}, S. and {Foley}, S. and {McBreen}, S. and {Hanlon}, L. and {O'Connor}, R. and {Martin Carillo}, A. and {McBreen}, B.},
	Doi = {10.1051/0004-6361:20079295},
	Journal = aa,
	Month = May,
	Pages = {405-410},
	Title = {GRB 070707: the first short gamma-ray burst observed by INTEGRAL},
	Volume = {486},
	Year = {2008},
	Bdsk-Url-1 = {http://dx.doi.org/10.1051/0004-6361:20079295}}

@article{APJ_Band_1993,
	Author = {D. Band and J. Matteson and L. Ford and B. Schaffer and D. Palmer and B. Teegarden and T. Cline and M. Briggs and W. Paciesas and G. Pendleton and G. Fishman and C. Kouveliotou and C. Meegan and R. Wilson and P. Lestrade},
	Journal = {Astrophys. J.},
	Pages = {281-291},
	Title = {BATSE observations of Gamma-Ray Burst Spectra. I. Spectra Diversity},
	Voume = 431,
	Year = {1993}}

@article{POF_McKee_1971,
	Author = {C. F. McKee},
	Journal = pof,
	Month = {April},
	Number = {10},
	Pages = 2164,
	Title = {One-Dimensional Simulation of Relativistic Streaming Instabilities},
	Volume = {14},
	Year = {1971}}

@article{JPP_Magneville_1990,
	Author = {A. Magneville},
	Journal = jpp,
	Month = {July},
	Pages = 191,
	Part = {2},
	Title = {Plasma waves in hot relativistic beam-plasma systems. Part 1. Dispersion relations},
	Volume = {44},
	Year = {1990}}

@article{POP_Dieckmann_2009,
	Author = {M. E. Dieckmann and I. Kourakis and M. Borghesi and G. Rowlands},
	Doi = {http://dx.doi.org/10.1063/1.3160629},
	Journal = pop,
	Number = {7},
	Title = {One-dimensional particle simulation of the filamentation instability: Electrostatic field driven by the magnetic pressure gradient force},
	Volume = {16},
	Year = {2009},
	Bdsk-Url-1 = {http://dx.doi.org/10.1063/1.3160629}}

@article{POP_Okada_2007,
	Author = {Okada, T. and Ogawa, K.},
	Doi = {http://dx.doi.org/10.1063/1.2746023},
	Journal = pop,
	Number = {7},
	Title = {Saturated magnetic fields of Weibel instabilities in ultraintense laser-plasma interactions},
	Volume = {14},
	Year = {2007},
	Bdsk-Url-1 = {http://dx.doi.org/10.1063/1.2746023}}

@article{JPP_Gedalin2010,
	Author = {M. Gedalin and A. Spitkovsky and M. Medvedev and M. Balikhin and V. Krasnoselskikh and A. Vaivads and S. Perri},
	Journal = jpp,
	Month = {Febuary},
	Pages = {193-205},
	Part = {2},
	Title = {Relativistic filamentary equilibria},
	Volume = {77},
	Year = {2010}}

@article{Science_Malka_2002,
	Author = {V. Malka and S. Fritzler and E. Lefebvre and M.-M. Al\'eonard and F. Burgy and J.-P. Chambaret and J.-F. Chemin and K. Krushelnick and G. Malka and S. P.\CAD. Mangles and Z. Najmudin and M. Pittman and J.-P. Rousseau and J.-N. Scheurer and B. Walton and A. E. Dangor},
	Journal = {Science},
	Number = {5598},
	Pages = 1596,
	Title = {Electron Acceleration by a Wake Field Forced by an Intense Ultrashort Laser Pulse},
	Volume = {298},
	Year = {2002}}
	
@article{Science_Matsumoto_2015,
	Author = { Y. Matsumoto and T. Amano and T. N. Kato and M. Hoshino},
	Journal = {Science},
	Issue = {6225},
	Pages = {974-978},
	Title = {Stochastic electron acceleration during spontaneous turbulent reconnection in a strong shock wave},
	Volume = {347},
	Year = {2015}}

@article{APJ_Medvedev_2009,
	Author = {M. V. Medvedev and O. V. Zakutnyaya},
	Journal = {Astrophys. J.},
	Number = {2},
	Pages = {2269-2274},
	Title = {Magnetic fields and cosmic rays in {GRB}s: a self-similar collisionless foreshock},
	Volume = {696},
	Year = {2009}}

@article{Medvedev_2005,
	Author = {M. V. Medvedev and M. Fiore and R. A. Fonseca and L. O. Silva and W. B. Mori},
	Journal = {Astrophys. J.},
	Pages = {L75-L78},
	Title = {Long-time evolution of magnetic fields in relativistic gamma-ray burst shocks},
	Volume = {618},
	Year = {2005}}

@article{PRL_Malkin_2002,
   author    = {V. M. Malkin and N.J. Fisch},
   title     = {Collective deceleration of relativistic electrons precisely in the core of an inertial-fusion target},
   journal = prl,
   volume  = {89},
   pages  = {125004},
   year =   {2002},
   doi = {10.1103/PhysRevLett.89.125004}
}

@article{PRE_Nilson_2009,
	Author = {P.M. Nilson and W. Theobald and J.F. Myatt and C. Stoeckl and M. and Storm and J. D. Zuegel and R. Betti and Meyerhofer and D. D. and Sangster, T. C.},
	Journal = {Phys. Rev. E},
	Month = {Jan},
	Number = {1},
	Numpages = {5},
	Pages = {016406},
	Title = {Bulk heating of solid-density plasmas during high-intensity-laser plasma interactions},
	Volume = {79},
	Year = {2009}}

@article{PRL_Polomarov_2008,
	Author = {O. Polomarov and I. Kaganovich and G. Shvets},
	Journal = prl,
	Month = {June},
	Number = {17},
	Pages = {175001},
	Title = {Merging of {Super-Alf\'enic} Current Filaments during Collisionless {Weibel} Instability of Relativistic Electron Beams},
	Volume = {101},
	Year = {2008}}

@article{PRL_Opher_1999,
	Author = {M. Opher and R. Opher},
	Journal = prl,
	Month = {June},
	Number = {24},
	Pages = {4835-4838},
	Title = {Energy of a Plasma in the Classical Limit},
	Volume = {82},
	Year = {1999}}

@article{PRL_Opher_1996,
	Author = {M. Opher and R. Opher},
	Journal = prl,
	Month = {October},
	Number = {14},
	Pages = {2628-2631},
	Title = {Was The Electromagnetic Spectrum A Blackbody In The Early Universe?},
	Volume = {79},
	Year = {1996}}

@article{PRL_Perez_2010,
	Author = {{P\'erez}, F. and {Gremillet}, L. and {Koenig}, M. and {Baton}, S.~D. and {Audebert}, P. and {Chahid}, M. and {Rousseaux}, C.
	and {Drouin}, M. and {Lefebvre}, E. and {Vinci}, T. and {Rassuchine}, J. and {Cowan}, T. and {Gaillard}, S.~A. and {Flippo}, K.~A. and {Shepherd}, R.},
	Title = {Enhanced Isochoric Heating from Fast Electrons Produced by High-Contrast, Relativistic-Intensity Laser Pulses},
	Journal = {Phys. Rev. Lett.},
	Month = feb,
	Number = 8,
	Pages = {085001},
	Volume = 104,
	Year = 2010}

@article{POP_Perez_2012,
	Author = {{P\'erez}, F. and {Gremillet}, L. and Decoster, A. and Drouin, M. and Lefebvre, E.},
	Journal = {Phys. Plasmas},
	Number = 1,
	Pages = {083104},
	Title = {Improved modeling of relativistic collisions and collisional ionization in particle-in-cell codes},
	Volume = 19,
	Year = 2012}

@article{POF_Rostoker_1960,
	Author = {{Rostoker}, N. and {Rosenbluth}, M.~N.},
	Journal = {Phys. Fluids},
	Month = jan,
	Pages = {1-14},
	Title = {{Test Particles in a Completely Ionized Plasma}},
	Volume = 3,
	Year = 1960}

@article{JPP_Schlickeiser_1996,
	Author = {R. Schlickeiser and M. Kneller},
	Title = {Relativistic kinetic theory of waves in isotropic plasmas},
	Journal = {J. Plasma Phys.},
	Month = {March},
	Pages = {709-740},
	Part = {4},
	Volume = {57},
	Year = {1996}}
	
@ARTICLE{APJ_Schlickeiser_2003,
   author = {{Schlickeiser}, R. and {Shukla}, P.~K.},
   title = "{Cosmological Magnetic Field Generation by the Weibel Instability}",
   journal = {Astrophys. J. Lett.},
   year = 2003,
   month = dec,
   volume = 599,
   pages = {L57-L60},
   doi = {10.1086/381246}
}	
	
@article{POP_Schlickeiser_2004,
	Author = {R. Schlickeiser},
	Title = {Covariant kinetic dispersion theory of linear waves in anisotropic plasmas. I. General dispersion relations, bi-{Maxwellian} distributions and nonrelativistic limits},
	Journal = {Phys. Plasmas},
	Volume = {11},
	Month = {November},
	Number = {12},
	Year = {2004}}

@article{POP_Schlickeiser_2011,
	Author = {R. Schlickeiser},
	Title = {Poynting vector, energy densities, and pressure of collective transverse electromagnetic fluctuations in unmagnetized plasmas},
	Journal = {Phys. Plasmas},
	Month = September,
	Pages = 012101,
	Volume = 19,
	Year = {2011}
}

@article{POP_Schlickeiser_2012,
	Author = {R. Schlickeiser and P. H. Yoon},
	Journal = pop,
	Month = {Febuary},
	Pages = {022105},
	Title = "{Spontaneous electromagnetic fluctuations in unmagnetized plasmas I: General theory and nonrelativistic limit}",
	Volume = {19},
	Year = {2012}}

@article{POP_Felten_2013,
	Author = {T. Felten and R. Schlickeiser and P. H. Yoon and M. Lazar},
	Journal = pop,
	Pages = {052113},
	Title = "{Spontaneous electromagnetic fluctuations in unmagnetized plasmas II: Reltativistic form factors of aperiodic thermal modes}",
	Volume = {20},
	Year = {2013}}

@article{POP_Lazar_2013,
	Author = {M. Lazar and P. H. Yoon and R. Schlickeiser},
	Journal = pop,
	Pages = {122108},
	Title = {Spontaneous electromagnetic fluctuations in unmagnetized plasmas III: Generalized Kappa distributions},
	Volume = {19},
	Year = {2012}}

@article{APJ_Shaisultanov_2012,
	Author = {{Shaisultanov}, R. and {Lyubarsky}, Y. and {Eichler}, D.},
	Journal = {Astrophys. J.},
	Month = jan,
	Pages = {182},
	Title = {{Stream Instabilities in Relativistically Hot Plasma}},
	Volume = 744,
	Year = 2012}

@article{POP_Silva_2002,
	Author = {L. O. Silva and R. A. Fonseca and J. W. Tonge and W. B. Mori and J. M. Dawson},
	Journal = pop,
	Pages = {2458},
	Title = {On the role of the purely transverse {Weibel} instability in fast ignitor scenarios},
	Volume = {9},
	Year = {2002}}

@article{APJ_Silva_2003,
	Author = {L. O. Silva and R. A. Fonseca and J. W. Tonge and J. M. Dawson and W. B. Mori and and M. V. Medvedev},
	Journal = {Astrophys. J.},
	Pages = {L121-L124},
	Title = {Interpenetrating Plasma Shells: Near-Equipartition Magnetic Field Generation and Nonthermal Particle Acceleration},
	Volume = {596},
	Year = {2003}}

@article{APJ_Medvedev_1999,
	Author = {{Medvedev}, M.~V. and {Loeb}, A.},
	Doi = {10.1086/308038},
	Journal = {Astrophys. J. Lett.},
	Month = dec,
	Pages = {697-706},
	Title = {{Generation of Magnetic Fields in the Relativistic Shock of Gamma-Ray Burst Sources}},
	Volume = 526,
	Year = 1999,
	Bdsk-Url-1 = {http://dx.doi.org/10.1086/308038}}

@article{POP_Fonseca_2003,
	Author = {R. A. Fonseca and L. O. Silva and J. W. Tonge and W. B. Mori and J. M. Dawson},
	Journal = pop,
	Number = {5},
	Pages = {1979},
	Title = {Three-dimensional {Weibel} instability in astrophysical scenarios},
	Volume = {10},
	Year = {2003}}

@article{POF_Gary,
	Author = {S. P. Gary and R. L. Tokar and Robert L.},
	Doi = {http://dx.doi.org/10.1063/1.865250},
	Journal = {Phys. Fluids},
	Pages = {2439-2441},
	Title = {The electron acoustic mode},
	Volume = {28},
	Year = {1985},
	Bdsk-Url-1 = {http://dx.doi.org/10.1063/1.865250}}

@article{POF_Fried_1959,
	Author = {B. D. Fried},
	Doi = {http://dx.doi.org/10.1063/1.1705933},
	Journal = pof,
	Number = {3},
	Pages = {337-337},
	Title = {Mechanism for Instability of Transverse Plasma Waves},
	Volume = {2},
	Year = {1959},
	Bdsk-Url-1 = {http://dx.doi.org/10.1063/1.1705933}}

@article{PRL_Sorasio_2006,
	Author = {Sorasio, G. and Marti, M. and Fonseca, R. and Silva, L. O.},
	Doi = {10.1103/PhysRevLett.96.045005},
	Issue = {4},
	Journal = {Phys. Rev. Lett.},
	Month = {Feb},
	Numpages = {4},
	Pages = {045005},
	Publisher = {American Physical Society},
	Title = {Very High Mach-Number Electrostatic Shocks in Collisionless Plasmas},
	Url = {http://link.aps.org/doi/10.1103/PhysRevLett.96.045005},
	Volume = {96},
	Year = {2006},
	Bdsk-Url-1 = {http://link.aps.org/doi/10.1103/PhysRevLett.96.045005},
	Bdsk-Url-2 = {http://dx.doi.org/10.1103/PhysRevLett.96.045005}}

@article{PRL_Silva_2004,
	Author = {{Silva}, L.~O. and {Marti}, M. and {Davies}, J.~R. and {Fonseca}, R.~A. and {Ren}, C. and {Tsung}, F.~S. and {Mori}, W.~B.},
	Journal = {Phys. Rev. Lett.},
	Month = jan,
	Number = 1,
	Pages = {015002},
	Title = {Proton Shock Acceleration in Laser-Plasma Interactions},
	Volume = 92,
	Year = 2004}

@article{APJ_Sironi_2009,
   author = {{Sironi}, L. and {Spitkovsky}, A.},
   title = "{Synthetic Spectra from Particle-In-Cell Simulations of Relativistic Collisionless Shocks}",
   journal = apj,
   year = 2009,
   month = dec,
   volume = 707,
   pages = {L92-L96},
   doi = {10.1088/0004-637X/707/1/L92}
}

@article{APJ_Sironi_2011,
	Author = {L. Sironi and A. Spitkovsky},
	Journal = {Astrophys. J.},
	Number = {2},
	Title = {Particle acceleration in relativistic magnetized collisionless electron-ion shocks},
	Volume = {726},
	Year = {2011}}
	
@book{Shkarofsky_1966,
  title={The Particle Kinetics of Plasmas},
  author={Shkarofsky, I.P. and Johnston, T.W. and Bachynski, M.P.},
  lccn={65014744},
  year={1966},
  publisher={Addison-Wesley Pub. Co.}
} 

@book{Sitenko_fluctuations,
	Address = {Kiev},
	Author = {A. G. Sitenko},
	Publisher = {Pergamon Press},
	Title = {Fluctuations {\&} Non-linear Wave Interactions in Plasmas},
	Volume = {107},
	Year = 1982}

@article{APJ_Spitkovsky_2008,
	Author = {A. Spitkovsky},
	Journal = {Astrophys. J. Lett.},
	Number = {1},
	Pages = {L5-L8},
	Title = {Particle acceleration in relativistic collisionless shocks: {Fermi} process at last?},
	Volume = {682},
	Year = {2008}}

@article{APJ_Spitkovsky_2008b,
	Author = {A. Spitkovsky},
	Journal = {Astrophys J. Lett.},
	Number = {1},
	Pages = {L39-L42},
	Title = {On the structure of relativistic collisionless shocks in electron-ion plasmas},
	Volume = {673},
	Year = {2008}}

@article{ASS_Stewart_1973,
	Author = {{Stewart}, P.},
	Journal = {Astrophys. Space Sci.},
	Month = sep,
	Pages = {269-277},
	Title = {{Relativistically induced interstellar density fluctuations}},
	Volume = 24,
	Year = 1973}

@article{POF_Tajima_1992,
	Author = {T. Tajima and S. Cable},
	Journal = {Phys. Fluids B},
	Month = {July},
	Number = {7},
	Pages = {2338-2345},
	Title = {On zero-frequency magnetic fluctuation in plasmas},
	Volume = {4},
	Year = {1992}}

@article{POP_Tautz_2007,
	Author = {R. C. Tautz and R. Schlickeiser},
	Journal = {Phys. Plasmas},
	Month = {August},
	Pages = {102102},
	Title = {Spontaneous emission of {Weibel} fluctuations by anisotropic distributions},
	Volume = {14},
	Year = {2007}}

@article{PRL_Tzoufras_2006,
	Author = {M. Tzoufras and C. Ren and F. S. Tsung and J. W. Tonge and W. B. Mori and M. Fiore and R. A. Fonseca and L. O. Silva},
	Journal = prl,
	Pages = {105002},
	Title = {Space charge effects in the current filamentation or {Weibel} instability},
	Volume = {96},
	Year = {2006}}

@article{POP_Ren_2006,
	Author = {C. Ren and M. Tzoufras and J. Tonge and W. B. Mori and F. S. Tsung and M. Fiore and R. A. Fonseca and L. O. Silva and J. C. Adam and A. H\'eron},
	Journal = pop,
	Pages = {056308},
	Title = {A global simulation for laser-driven {MeV} electrons in 50-$\mu$m {Fast Ignition} targets},
	Volume = {13},
	Year = {2006}}

@article{CPC_Sokolov_2013,
  author = "Igor V. Sokolov",
  title = "Alternating-order interpolation in a charge-conserving scheme for particle-in-cell simulations",
  journal = "Computer Physics Communications",
  volume = "184",
  number = "2",
  pages = "320 - 328",
  year = "2013",
  issn = "0010-4655",
  doi = "https://doi.org/10.1016/j.cpc.2012.09.015"
}

@article{PRL_Tzoufras_2006,
	Author = {M. Tzoufas and C. Ren and F.S. Tsung and J.W. Tonge and W.B. Mori and M. Fiore and R.A. Fonseca and L.O. Silva},
	Journal = prl,
	Pages = {105002},
	Title = {Space-Charge Effects in the Current-Filamentation or Weibel Instablility},
	Volume = {96},
	Year = {2006}}

@article{POP_Kaang_2009,
	Author = {{Kaang}, H.~H. and {Ryu}, C.-M. and {Yoon}, P.~H.},
	Doi = {10.1063/1.3172941},
	Journal = {Phys. Plasmas},
	Month = aug,
	Number = 8,
	Pages = {082103},
	Title = {{Nonlinear saturation of relativistic Weibel instability driven by thermal anisotropy}},
	Volume = 16,
	Year = 2009,
	Bdsk-Url-1 = {http://dx.doi.org/10.1063/1.3172941}}

@article{POP_Yang_1994,
	Author = {T.-Y. B. Yang and J. Arons and A. B. Langdon},
	Journal = pop,
	Number = {9},
	Pages = {3059--3077},
	Title = {Evolution of the Weibel instability in relativistically hot electron-positron plasmas},
	Volume = {1},
	Year = {1994}}

@article{PRL_Cubero_2007,
	Author = {D. Cubero and J. Casado-Pascual and J. Dunkel and P. Talkner and P. {H\"anggi}},
	Journal = prl,
	Number = {17},
	Pages = {170601},
	Title = {Thermal Equilibrium and Statistical Thermometers in Special Relativisty},
	Volume = {99},
	Year = {2007}}

@article{POF_Watson_1960a,
	Author = {K. M. Watson and S. A. Bludman and M. N. Rosenbluth},
	Journal = {Phys. Fluids},
	Number = {5},
	Pages = {741},
	Title = {Statistical Mechanics of Relativistic Streams {I.}},
	Volume = {3},
	Year = {1960}}

@article{POF_Watson_1960b,
	Author = {K. M. Watson and S. A. Bludman and M. N. Rosenbluth},
	Journal = {Phys. Fluids},
	Number = {5},
	Pages = {747},
	Title = {Statistical Mechanics of Relativistic streams {II.}},
	Volume = {3},
	Year = {1960}}

@article{PRL_Weibel_1959,
	Author = {E. S. Weibel},
	Journal = prl,
	Number = {3},
	Pages = {83--84},
	Title = {Spontaneous Growing Transverse Waves in a Plasma Due to an Anisotropic Velocity Distribution},
	Volume = {2},
	Year = {1959}}

@article{PRA_Wright_1975,
	Author = {T. P. Wright and G. R. Hadley},
	Journal = {Phys. Rev. A},
	Number = {2},
	Pages = {686-697},
	Title = {Relativistic distribution functions and applications to electron-beams},
	Volume = {12},
	Year = {1975}}

@article{SIAM_Weideman_1995,
	Author = {J. A. C. Weideman},
	Journal = {SIAM J. Numer. Anal.},
	Number = {5},
	Pages = {1497-1518},
	Title = {Computation of the complex Error Function},
	Volume = {13},
	Year = {1995}}

@article{PR_Bohm_1949,
	Author = {D. Bohm and E. P. Gross},
	Journal = {Phys. Rev.},
	Number = {12},
	Pages = {1851},
	Title = {Theory of Plasma Oscillations. A. Origin of Medium-like Behavior},
	Volume = {75},
	Year = {1949}}

@article{POP_Yalinewich_2010,
	Author = {{Yalinewich}, A. and {Gedalin}, M.},
	Journal = {Phys. Plasmas},
	Month = jun,
	Number = 6,
	Pages = {062101},
	Title = {{Instabilities of relativistic counter-streaming proton beams in the presence of a thermal electron background}},
	Volume = 17,
	Year = 2010}

@article{IEEE_Yee_1966,
	Author = {K. Yee},
	Journal = {IEEE Trans. Antennas Propag.},
	Month = may,
	Pages = {302-307},
	Title = {Numerical solution of inital boundary value problems involving {Maxwell's} equations in isotropic media},
	Volume = 14,
	Year = 1966}

@article{POP_Yoon_2005,
	Author = {Peter H. Yoon},
	Journal = {Phys. Plasmas},
	Pages = {042306},
	Title = {Effects of spontaneous fluctuations on generalized weak turbulence theory},
	Volume = {12},
	Year = {2005}}

@article{POP_Yoon_2007,
	Author = {Peter H. Yoon},
	Journal = {Phys. Plasmas},
	Month = {April},
	Pages = {064504},
	Title = {Spontaneous thermal magnetic field fluctuation},
	Volume = {14},
	Year = {2007}
}

@ARTICLE{NC_Chatterjee_2017,
   author = {{Chatterjee}, G. and {Schoeffler}, K.~M. and {Kumar Singh}, P. and 
	{Adak}, A. and {Lad}, A.~D. and {Sengupta}, S. and {Kaw}, P. and 
	{Silva}, L.~O. and {Das}, A. and {Kumar}, G.~R.},
    title = "{Magnetic turbulence in a table-top laser-plasma relevant to astrophysical scenarios}",
  journal = {Nat. Comm.},
     year = 2017,
    month = jun,
   volume = 8,
      eid = {15970},
    pages = {15970},
      doi = {10.1038/ncomms15970}
}

@ARTICLE{RPP_Marcowith_2016,
  author= {{Marcowith}, A. and {Bret}, A. and {Bykov}, A. and {Dieckman}, M.E. and {Drury}, L.O.C. and {Lemb\`ege}, B. and {Lemoine}, M. and {Morlino}, G. and {Murphy}, G. and {Pelletier}, G. and {Plotnikov}, I. and {Reville}, B. and {Riquelme}, M. and {Sironi}, L. and {Stockem Novo}, A.},
  title          = "{The microphysics of collisionless shock waves}",
  journal        = {Rept. Prog. Phys.},
  volume         = {79},
  year           = {2016},
  pages          = {046901},
  doi            = {10.1088/0034-4885/79/4/046901}
}

@ARTICLE{SSR_Bykov_2012,
   author = {{Bykov}, A. and {Gehrels}, N. and {Krawczynski}, H. and {Lemoine}, M. and {Pelletier}, G. and {Pohl}, M.},
    title = "{Particle Acceleration in Relativistic Outflows}",
  journal = {Space Sci. Rev.},
     year = {2012},
    month = {Nov},
   volume = {173},
    pages = {309-339},
      doi = {10.1007/s11214-012-9896-y}
}

@ARTICLE{NC_Sarri_2015,
   author = {{Sarri}, G. and {Poder}, K. and {Cole}, J.~M. and {Schumaker}, W. and 
	{di Piazza}, A. and {Reville}, B. and {Dzelzainis}, T. and {Doria}, D. and 
	{Gizzi}, L.~A. and {Grittani}, G. and {Kar}, S. and {Keitel}, C.~H. and 
	{Krushelnick}, K. and {Kuschel}, S. and {Mangles}, S.~P.~D. and 
	{Najmudin}, Z. and {Shukla}, N. and {Silva}, L.~O. and {Symes}, D. and 
	{Thomas}, A.~G.~R. and {Vargas}, M. and {Vieira}, J. and {Zepf}, M.},
    title = "{Generation of neutral and high-density electron-positron pair plasmas in the laboratory}",
  journal = {Nat. Commun.},
     year = 2015,
    month = apr,
   volume = 6,
      eid = {6747},
    pages = {6747},
      doi = {10.1038/ncomms7747}
}

@ARTICLE{PRL_Warwick_2017,
  title = {Experimental Observation of a Current-Driven Instability in a Neutral Electron-Positron Beam},
  author = {Warwick, J. and Dzelzainis, T. and Dieckmann, M.~E. and Schumaker, W. and Doria, D. and Romagnani, L. and Poder, K. and Cole, J.~M.
  and Alejo, A. and Yeung, M. and Krushelnick, K. and Mangles, S.~P.~D. and Najmudin, Z. and Reville, B. and Samarin, G.~M. and Symes, D.~D.
  and Thomas, A.~G.~R. and Borghesi, M. and Sarri, G.},
  journal = {Phys. Rev. Lett.},
  volume = {119},
  issue = {18},
  pages = {185002},
  numpages = {5},
  year = {2017},
  month = {Nov},
  doi = {10.1103/PhysRevLett.119.185002}
}

@article{PRL_Thode_1973,
  title = {Two-Stream Instability Heating of Plasmas by Relativistic Electron Beams},
  author = {Thode, L. E. and Sudan, R. N.},
  journal = {Phys. Rev. Lett.},
  volume = {30},
  issue = {16},
  pages = {732--735},
  year = {1973},
  month = {Apr},
  doi = {10.1103/PhysRevLett.30.732}
}

@incollection{Davidson_1983,
   author    = {R. C. Davidson},
   editor    = {M. N. Rosenbluth and R. Z. Galeev},
   title     = {Kinetic waves and instabilities in uniform plasmas},
   booktitle = {{Handbook of Plasma Physics}},
   year      = {1983},
   publisher = {North-Holland},
   address   = {Amsterdam},
   volume    = {1}
}

@incollection{Sudan_1984,
   author    = {R. N. Sudan},
   editor    = {M. N. Rosenbluth and R. Z. Galeev},
   title     = {Collective beam-plasma interaction},
   booktitle = {Handbook of {Plasma} {Physics}},
   year      = {1984},
   publisher = {North-Holland},
   address   = {Amsterdam},
   volume    = {2}
}

@BOOK{Gary_1993,
   author = {{Gary}, S.~P.},
   title = "{Theory of Space Plasma Microinstabilities}",
   address = "{Cambridge, UK}",
   publisher = "{Cambridge University Press}",
   year = 1993,
   month = sep,
   pages = {193},
   adsurl = {http://adsabs.harvard.edu/abs/1993tspm.book.....G}
}

@article{PRL_Shan_2018,
  author = {Shan, L. Q. and Cai, H. B. and Zhang, W. S. and Tang, Q. and Zhang, F. and Song, Z. F. and Bi, B. and Ge, F. J. and Chen, J. B. and Liu, D. X.
  and Wang, W. W. and Yang, Z. H. and Qi, W. and Tian, C. and Yuan, Z. Q. and Zhang, B. and Yang, L. and Jiao, J. L. and Cui, B. and Zhou, W. M. and Cao, L. F.
  and Zhou, C. T. and Gu, Y. Q. and Zhang, B. H. and Zhu, S. P. and He, X. T.},
  title = "{Experimental Evidence of Kinetic Effects in Indirect-Drive Inertial Confinement Fusion Hohlraums}",
    journal = {Phys. Rev. Lett.},
  volume = {120},
  issue = {19},
  pages = {195001},
  numpages = {5},
  year = {2018},
  month = {May},
  doi = {10.1103/PhysRevLett.120.195001}
}

@ARTICLE{AA_Norman_1978,
   author = {{Norman}, C.~A. and {Smith}, R.~A.},
   title = "{Kinetic processes in solar flares}",
   journal = {Astron. Astrophys.},
   year = 1978,
   month = aug,
   volume = 68,
   pages = {145-155},
   adsurl = {http://adsabs.harvard.edu/abs/1978A%26A....68..145N}
}


@ARTICLE{APJ_Ziebell_2014,
   author = {{Ziebell}, L.~F. and {Yoon}, P.~H. and {Gaelzer}, R. and {Pavan}, J.},
    title = "{Plasma Emission by Weak Turbulence Processes}",
   journal = {Astrophys. J. Lett.},
   year = 2014,
   month = nov,
   volume = 795,
   eid = {L32},
   pages = {L32},
   doi = {10.1088/2041-8205/795/2/L32}
}

@ARTICLE{PRE_Debayle_2010,
  author = {Debayle, A. and Honrubia, J. J. and d'Humi\`eres, E. and Tikhonchuk, V. T.},
  title = {Divergence of laser-driven relativistic electron beams},
  journal = {Phys. Rev. E},
  volume = {82},
  issue = {3},
  pages = {036405},
  numpages = {10},
  year = {2010},
  month = {Sep},
  doi = {10.1103/PhysRevE.82.036405}
}

@ARTICLE{APJ_Jaroschek_2004,
   author = {{Jaroschek}, C.~H. and {Lesch}, H. and {Treumann}, R.~A.},
    title = "{Self-consistent Diffusive Lifetimes of Weibel Magnetic Fields in Gamma-Ray Bursts}",
  journal = {Astrophys. J.},
 keywords = {Acceleration of Particles, Gamma Rays: Bursts, Instabilities, Magnetic Fields, Plasmas},
     year = 2004,
    month = dec,
   volume = 616,
    pages = {1065-1071},
      doi = {10.1086/424923}
}  

@ARTICLE{PRL_Storm_2009,
   author = {{Storm}, M. and {Solodov}, A.~A. and {Myatt}, J.~F. and {Meyerhofer}, D.~D. and 
	{Stoeckl}, C. and {Mileham}, C. and {Betti}, R. and {Nilson}, P.~M. and 
	{Sangster}, T.~C. and {Theobald}, W. and {Guo}, C.},
    title = "{High-Current, Relativistic Electron-Beam Transport in Metals and the Role of Magnetic Collimation}",
  journal = {Phys. Rev. Lett.},
     year = 2009,
    month = jun,
   volume = 102,
   number = 23,
      eid = {235004},
    pages = {235004},
      doi = {10.1103/PhysRevLett.102.235004}
}

@article{POP_Yang_2016,
  author = {Yang,X. H. and Zhuo,H. B.  and Xu,H.  and Ge,Z. Y.  and Shao,F. Q.  and Borghesi,M.  and Ma,Y. Y. },
  title = {Effects of filamentation instability on the divergence of relativistic electrons driven by ultraintense laser pulses},
  journal = {Phys. Plasmas},
  volume = {23},
  number = {10},
  pages = {103110},
  year = {2016},
  doi = {10.1063/1.4966205}    
}

@ARTICLE{PRE_Wei_2004,
   author = {{Wei}, M.~S. and {Beg}, F.~N. and {Clark}, E.~L. and {Dangor}, A.~E. and 
	{Evans}, R.~G. and {Gopal}, A. and {Ledingham}, K.~W.~D. and 
	{McKenna}, P. and {Norreys}, P.~A. and {Tatarakis}, M. and {Zepf}, M. and 
	{Krushelnick}, K.},
   title = "{Observations of the filamentation of high-intensity laser-produced electron beams}",
   journal = {Phys. Rev. E},
   year = 2004,
   month = nov,
   volume = 70,
   number = 5,
   eid = {056412},
   pages = {056412},
   doi = {10.1103/PhysRevE.70.056412}
}


@ARTICLE{Moliere_1947,
author={Moliere, G.},
title={Theorie der Streuung schneller geladener Teilchen I. Einzelstreuung am abgeschirmten Coulomb-Feld1},
journal={Zeitschrift fur Naturforschung - Section A Journal of Physical Sciences},
year={1947},
volume={2},
number={3},
pages={133-145},
doi={10.1515/zna-1947-0302}
} 

@ARTICLE{JPP_Fiore_2010,
  author = {M. Fiore and F. Fiuza and M. Marti and R. A. Fonseca and L. O. Silva},
  title = {Relativistic effects on the collisionless\u2013collisional transition of the filamentation instability in fast ignition},
  journal = {J. Plasma Phys.},
  year = {2010},
  volume = {76},
  pages = {813­832},
  doi = {10.1017/S0022377810000413}
}

@phdthesis{PHD_Riquier,
  TITLE = {{Magnetic field in laser plasmas : non-local electron transport and reconnection}},
  AUTHOR = {Riquier, Rapha{\"e}l},
  URL = {https://pastel.archives-ouvertes.fr/tel-01355188},
  NUMBER = {2016SACLX004},
  SCHOOL = {{Universit{\'e} Paris-Saclay}},
  YEAR = {2016},
  MONTH = Jan,
  KEYWORDS = {Reconnection ; Electron transport ; Magnetic fields ; Laser ; High energy density plasmas ; Inertial confinement fusion ; Reconnexion ; Fusion par confinement inertiel ; Plasmas {\`a} haute densit{\'e} d'{\'e}nergie ; Champs magn{\'e}tiques ; Transport {\'e}lectronique},
  TYPE = {Theses},
  PDF = {https://pastel.archives-ouvertes.fr/tel-01355188/file/53435_RIQUIER_2016_archivage.pdf},
  HAL_ID = {tel-01355188},
  HAL_VERSION = {v1},
}

@article{POP_Heron_2015,
  author = {H\'eron,A.  and Adam,J. C.},
  title = {Physics of the interaction of ultra intense laser pulses with cold collisional plasma using large scale kinetic simulations},
  journal = {Phys. Plasmas},
  volume = {22},
  number = {7},
  pages = {072306},
  year = {2015},
  doi = {10.1063/1.4927138}}
